3438 5028
733 418 947 495 ,93-

213 583 520 664 metamorphoseon
532 583 637 646 fontes
649 585 758 665 paullo
770 587 947 648 accuratius
960 584 1182 647 distincturum
1195 594 1293 666 atque
1310 586 1469 666 quaestio·

212 709 285 751 nem
309 690 349 751 de
373 687 508 750 fabulari
530 688 661 751 historia
684 690 794 771 paullo
816 700 1041 771 promoturum
1062 711 1132 753 esse
1155 710 1261 772 spero.

298 792 423 856 Summi
445 815 522 856 vero
547 796 704 857 momenti
726 803 775 858 est
798 797 954 874 quaestio,
979 804 1085 857 utrum
1107 794 1217 868 Theo,
1248 796 1311 875 qui,
1336 805 1371 858 ut
1393 795 1469 868 mihi

211 899 344 972 videtur,
368 918 432 960 non
453 918 586 978 parvam
609 909 735 980 partem
758 898 908 961 fabularis
930 900 1094 962 doctrinae
1115 900 1353 963 commentariis
1369 900 1469 982 Apol-

210 1005 275 1066 loni
298 1013 330 1067 et
352 1003 515 1066 Theocriti
542 1005 666 1080 adiecit,
690 1025 733 1066 ex
749 1004 952 1085 compendio,
977 1004 1017 1066 de
1033 1026 1098 1087 quo
1115 1006 1303 1068 disserimus
1318 1014 1369 1068 tot
1383 1003 1470 1068 sabu-

211 1111 313 1173 larum
345 1108 576 1190 discrepantias
606 1111 795 1189 sumpserit,
830 1129 871 1171 an
908 1119 941 1172 et
977 1107 1072 1172 Theo
1108 1119 1141 1172 et
1177 1110 1359 1191 compendii
1388 1109 1470 1171 illius

212 1226 325 1278 auctor
347 1215 433 1276 idem
456 1234 538 1294 opus
561 1215 769 1287 excusserint,
793 1215 881 1293 quod
905 1214 1055 1296 peculiari
1071 1214 1287 1293 disputatione
1302 1216 1470 1293 Argonau-

213 1322 291 1382 ticas
314 1318 438 1382 fabulas
454 1317 666 1390 adumbravit,
690 1317 771 1379 sicut
788 1315 1003 1396 Lysimachus
1023 1317 1148 1388 νόστους
1164 1328 1196 1381 et
1215 1319 1358 1400 Θηβαικὰ
1379 1317 1472 1402 παρά-

211 1427 282 1498 δοξα
312 1423 511 1506 composuit,
541 1422 638 1484 libros
670 1421 828 1502 exquisita
858 1421 1003 1484 doctrina
1032 1423 1166 1487 refertos
1195 1433 1250 1486 aut
1272 1424 1353 1487 Ister
1380 1424 1472 1487 Calli·

212 1529 356 1592 machius
381 1527 534 1591 Ἀτθίδων
563 1527 739 1611 συναγωγήν
761 1525 956 1606 compilavit.
1003 1525 1167 1608 Quaerere
1196 1550 1346 1610 possum,
1375 1530 1471 1593 diudi-

211 1657 283 1699 care
305 1645 360 1697 aut
383 1634 599 1696 coniecturam
622 1633 722 1694 modo
745 1631 946 1713 probabilem
969 1631 1111 1712 proferre
1134 1654 1271 1713 nequeo

296 1741 370 1802 Non
393 1758 497 1819 pauca
519 1747 627 1800 autern
650 1737 792 1799 eiusdem
816 1738 1008 1818 compendii,
1033 1739 1121 1818 quod
1134 1737 1298 1801 Diodorus
1321 1740 1471 1814 excussit,

211 1847 345 1927 vestigia
368 1845 497 1906 iamiam
527 1848 612 1925 apud
642 1842 900 1922 Apollodorum,
929 1841 1115 1922 Hyginum,
1144 1844 1350 1918 Pausaniam,
1381 1844 1471 1906 scho-

211 1954 320 2015 liastas
344 1950 560 2011 indicavimus.

295 2055 360 2118 Sed
383 2054 447 2115 noli
470 2063 592 2134 putare,
615 2073 666 2114 me
688 2052 825 2114 eundem
846 2050 971 2125 librum,
996 2072 1092 2133 quem
1117 2051 1242 2114 Siculus
1264 2063 1338 2116 ante
1361 2053 1473 2116 oculos

213 2163 338 2235 habuit,
378 2161 483 2240 ipsum
512 2159 584 2221 illos
618 2157 804 2238 posterioris
837 2157 950 2218 aetatis
987 2166 1135 2219 auctores
1170 2158 1316 2220 manibus
1349 2159 1472 2220 trivisse

213 2285 353 2329 censere.
398 2265 500 2325 Nimis
523 2265 607 2325 enim
632 2262 732 2324 multa
760 2261 848 2323 velut
878 2262 909 2323 in
931 2261 1127 2324 bibliotheca
1157 2271 1190 2323 et
1212 2262 1334 2343 Hygini
1358 2262 1473 2325 fabulis

214 2373 373 2452 leguntur,
398 2389 481 2448 quae
505 2388 609 2449 neque
630 2367 716 2448 apud
745 2365 925 2428 Diodorum
955 2368 1154 2447 reperiuntur
1182 2386 1287 2446 neque
1318 2387 1471 2449 umquam

215 2480 246 2540 in
268 2477 323 2538 illo
346 2475 540 2556 compendio
562 2472 657 2535 fuisse
673 2480 782 2553 potest
797 2472 1018 2534 demonstrari.
1057 2473 1227 2534 Praeterea
1247 2472 1363 2534 iterum
1386 2482 1472 2534 certe

212 2586 391 2662 iterumque
403 2577 642 2642 innumerabilia
654 2576 825 2638 enchiridia
840 2575 1065 2657 mythologica
1080 2577 1110 2638 in
1124 2596 1217 2639 usum
1232 2577 1471 2659 discipulorum,

213 2698 391 2770 poetarum,
416 2684 581 2746 rhetorum
604 2692 677 2744 sunt
706 2680 860 2743 fabricata
885 2689 983 2759 atque
1006 2682 1224 2743 recentissima
1246 2702 1376 2762 semper
1397 2683 1473 2744 anti·

213 2796 342 2874 quiora,
379 2789 533 2869 equibus
556 2788 672 2869 partim
695 2795 781 2848 certe
802 2783 975 2858 fluxerant,
1006 2805 1049 2846 ex
1072 2806 1130 2847 usu
1152 2785 1319 2848 hominum
1343 2787 1473 2868 expule-

212 2909 292 2961 runt.
334 2893 566 2976 Mythographi
597 2891 762 2964 Vaticani,
792 2892 845 2970 qui
876 2892 1022 2965 audiunt,
1053 2899 1151 2970 atque
1184 2891 1305 2974 Hygini
1335 2890 1473 2968 fabulae,

212 3004 325 3087 quales
347 3022 430 3064 nunc
452 3010 611 3071 tenemus,
640 2996 777 3058 collatae
802 3015 875 3057 cum
899 2995 1079 3076 fragmento
1102 2995 1322 3058 Niebuhriano
1345 3006 1378 3059 et
1401 3019 1473 3060 cum

213 3111 358 3172 versione
381 3126 516 3188 graeca,
542 3123 609 3185 qua
629 3100 806 3164 Dositheus
835 3102 988 3182 magister
1010 3122 1086 3164 usus
1108 3109 1167 3176 est,
1198 3100 1364 3183 praeclara
1385 3124 1474 3184 prae-

213 3217 290 3278 bent
313 3212 474 3292 exempla.
513 3210 541 3271 E
564 3228 668 3270 rerum
691 3216 800 3269 autem
823 3216 934 3269 natura
958 3215 1017 3280 est,
1042 3207 1199 3280 homines
1225 3207 1278 3288 qui
1301 3208 1472 3270 enchiridia

215 3318 431 3391 confecerunt,
456 3336 521 3378 non
544 3312 778 3393 contempsisse
800 3311 951 3372 fabularis
974 3312 1138 3386 doctrinae
1162 3313 1272 3392 copias
1295 3321 1350 3375 aut
1371 3313 1474 3375 bellas

213 3418 356 3497 i‘d'oulaS,
393 3442 476 3501 quae
509 3441 544 3482 se
577 3418 703 3481 aliunde
737 3415 929 3479 obtulerunt.
975 3415 1037 3477 Ex.
1069 3437 1116 3497 gr.
1133 3416 1387 3498 Apollodorus,
1420 3419 1474 3496 qui

213 3533 343 3603 dicitur,
375 3526 429 3589 Ill.
460 3543 506 3588 10.
532 3543 548 3604 3
582 3527 645 3604 §9
675 3543 717 3583 ex
743 3522 809 3583 veri
833 3520 1027 3602 Apollodori
1059 3521 1266 3584 Atheniensis
1296 3519 1378 3583 libro
1407 3521 1473 3603 περὶ

213 3641 297 3698 θεῶν
326 3631 509 3712 hausit¹2⁰).
566 3628 622 3690 Ad
652 3627 773 3707 Hygini
807 3625 931 3687 fabulas
965 3646 1029 3686 non
1062 3647 1165 3708 pauca
1201 3647 1244 3688 ex
1277 3624 1399 3705 Hygini
1433 3626 1473 3686 de

212 3739 409 3804 astronomia
432 3734 527 3809 libris,
563 3733 664 3795 multa
699 3752 741 3794 ex
781 3730 876 3793 Ovidi
910 3732 1231 3812 metamorphosesin,
1267 3728 1419 3792 nonnulla
1456 3752 1474 3793 e

211 3846 335 3927 Vergili
359 3840 514 3915 Aeneide,
537 3839 599 3902 alia
623 3836 749 3899 aliunde
773 3837 881 3899 addita
904 3836 1052 3917 summ).

301 3951 413 4029 Itaque
438 3943 644 4008 statuendum
668 3951 725 4016 est,
751 3943 846 4004 etiam
870 3943 900 4002 in
923 3941 959 4002 iis
982 3939 1068 4003 libris
1091 3937 1329 4019 mythologiciS,
1354 3939 1384 4001 in
1409 3939 1494 4020 qui-¹

298 4208 346 4274 120)
366 4210 400 4259 cs.
420 4208 530 4258 Mlitzel:
552 4204 711 4270 quaestiones
729 4202 938 4266 mythogrnphae.

299 4297 347 4364 1²¹)
367 4297 443 4360 Vide,
464 4296 534 4362 quod
553 4292 685 4343 Mauritius
704 4291 819 4341 Schmidt
842 4297 900 4338 ante
923 4305 993 4338 suam
1018 4287 1115 4353 Hygini
1140 4290 1279 4339 editionem
1302 4304 1328 4352 p.
1349 4288 1473 4336 XXIX-

213 4389 340 4439 XXXVII
359 4385 483 4450 exposuit.
