3438 5028
735 357 946 470 „49-

205 558 379 634 301101.·Οτ·εεῐ.
390 572 440 623 990
453 556 497 626 (C)
525 560 603 610 schol.
612 563 662 625 Ap.
669 561 720 611 Rh.
730 563 751 612 I.
763 572 819 626 752.

132 645 134 652 '
227 650 253 692 et
270 643 377 694 Tzetzae
396 645 475 695 schol.

282 729 345 793 Lyc.
366 729 421 794 156.
561 753 574 806 γ

595 1306 642 1356 καὶ
686 1299 817 1376 χρησμὸν

520 1383 615 1454 λαβὼν
633 1384 817 1460 ἀναιρεθῆναι

520 1468 577 1525 ὑπὸ
590 1475 640 1526 τοῦ
655 1473 729 1525 ἰδίου
743 1491 816 1543 γαμ-

520 1560 590 1626 βροῦ
614 1553 665 1610 οάκ
689 1552 816 1625 ἐβούλετο

521 1636 764 1709 ἒκδοῦναιαύτήν,

259 1990 340 2040 schol.
352 1989 433 2040 Orest.
440 2001 499 2053 990.

103 2086 104 2090 ’
207 2076 238 2126 C.
267 2097 301 2116 =
324 2075 394 2124 thz.
418 2074 437 2123 l.
462 2075 497 2124 l.:

205 2155 223 2225 ἢ
250 2163 298 2213 καὶ
333 2154 411 2227 παρά
450 2159 501 2212 τοῦ

208 2245 284 2298 ἰδίου
302 2238 410 2316 πατρὸς
433 2244 501 2314 ἔρω-

206 2331 277 2401 μένη
304 2333 352 2382 καὶ
369 2323 418 2382 διὰ
437 2334 503 2381 τοῦ·

207 2435 238 2468 το
267 2414 306 2485 μὴ
336 2413 502 2484 έκδιδομένη

206 2497 277 2575 πρὸς
288 2496 391 2570 γάμον,
409 2494 504 2557 καθὼς

236 2589 264 2638 οἱ
282 2581 470 2658 ἀκριβέστεροι

207 2674 262 2724 τῶν
274 2665 502 2744 ἱστοριογράφων

207 2752 376 2830 γράφουσιν.

579 2832 661 2907 εἰμὴ
678 2830 822 2903 νικήσαντι

528 2917 569 2976 δι’
596 2923 703 2976 ἵππων.

329 3091 425 3145 έδέδσυ
447 3085 502 3162 γάρ

213 3171 354 3249 Οἰνόμαος
365 3181 422 3235 τοῖς
433 3191 503 3247 μνη-

211 3255 504 3335 στῆρσιτὴνἹπποδά-

209 3365 293 3419 μειαν
312 3347 361 3400 ἐπὶ
386 3348 442 3400 τῶν
465 3349 505 3398 οὶ-

209 3437 291 3487 κείων
317 3433 392 3501 ἔχειν
413 3427 505 3503 άρμά-

209 3537 278 3585 των,
320 3521 380 3575 θεὶς
419 3520 506 3589 πέρας

208 3605 252 3670 (sc.
270 3605 340 3655 thz.
361 3604 446 3662 πέλας
465 3601 507 3667 C.)

210 3691 261 3741 τοῦ
279 3683 389 3760 δρόμου
406 3685 506 3754 [έπαθ

210 3779 260 3828 λον
282 3767 379 3843 γάμου
402 3770 506 3836 (Tzetza
581 3779 726 3846 προέκειτο
734 3777 766 3831 δὲ
778 3776 826 3830 αὐ·

210 3870 234 3910 et
252 3861 289 3921 C.‚
305 3855 437 3924 delenda)]
456 3852 507 3910 τὸν
532 3855 826 3923 τοῖςΚλάδεωςττοτα-

881 562 987 612 Diodor.
1006 563 1051 614 IV.
1068 574 1107 627 73.
1217 565 1285 629 Hyg.
1302 565 1356 616 fab.
1377 567 1417 627 84.

1219 803 1308 853 habuit
1331 805 1357 854 in
1376 807 1461 855 coniu-

1169 887 1211 949 gio
1229 887 1354 938 Euareten
1372 891 1462 940 Acrisii

1168 971 1258 1032 filiam,
1283 989 1314 1023 ex
1338 991 1388 1040 qua
1405 993 1462 1041 pro-

1168 1058 1259 1106 creavit
1311 1060 1445 1125 Hippoda-

1167 1143 1244 1191 miam
1261 1143 1384 1207 virginem
1409 1147 1461 1195 exi·

1167 1227 1232 1276 miae
1250 1227 1352 1286 formae,

904 1311 1138 1380 χρηστηριαζομέ-
1217 1327 1293 1376 quam
1313 1312 1378 1362 nulli
1403 1314 1461 1362 ideo

842 1412 881 1462 νῳ
912 1393 944 1446 δὲ
969 1389 1045 1462 αὐτῷ
1073 1397 1138 1465 περὶ
1166 1396 1243 1446 dabat
1258 1397 1283 1445 in
1303 1397 1459 1461 coniugium,

842 1479 889 1542 τῆς
912 1480 1038 1544 τελευτῆς
1063 1479 1140 1546 ἔχρη·
1167 1481 1236 1545 quod
1252 1481 1298 1529 sibi
1313 1497 1462 1546 responsum

843 1579 890 1616 σεν
924 1559 939 1614 ό
977 1560 1043 1622 θεὸς
1077 1558 1140 1616 τότε
1166 1566 1214 1616 fuit
1227 1581 1342 1629 agenero
1356 1574 1462 1616 mortem

844 1642 1015 1714 τελευτήσειν
1055 1642 1141 1700 αὐτὸν
1167 1659 1275 1700 caveret.

844 1729 938 1798 ὅτανὴ
949 1730 1076 1804 θυγάτηρ
1086 1729 1140 1784 Ἱπ-

845 1813 989 1888 ποδάμεια
1047 1833 1140 1871 συνοι-

846 1900 922 1977 κήση.

901 2875 907 2888 .
920 2829 1055 2907 ..διόπερ
1074 2838 1141 2887 πολ·
1220 2837 1309 2901 Itaque
1324 2852 1382 2887 cum
1394 2854 1461 2887 com·

849 2921 905 2974 λῶν
911 2922 1144 2992 μνηστευομένων
1169 2921 1253 2985 plures
1276 2938 1332 2971 eam
1349 2930 1463 2988 peterent

850 3001 900 3069 τὴν
924 3000 1022 3077 κόρην,
1054 2999 1143 3057 ἆθλον
1169 3005 1196 3052 in
1205 3007 1359 3071 coniugium,
1379 3007 1464 3056 simul-

850 3095 995 3159 προετίθει
1010 3095 1068 3149 τοῖς
1079 3095 1143 3156 βου·
1170 3096 1246 3138 tatem
1271 3093 1414 3152 constituit,
1440 3107 1466 3140 se
1501 3095 1504 3100 '

849 3176 975 3244 λεμένοις
992 3169 1080 3240 αὐτὴν
1095 3176 1144 3240 γῆ·
1170 3174 1465 3240 eidaturum,quisecum

849 3278 902 3328 μαι
920 3261 1057 3313 τοιοῦτον.
1089 3259 1146 3313 ἔδει
1172 3258 1300 3323 quadrigis
1349 3269 1466 3311 certasset

850 3341 970 3414 τὸνμὲν
991 3339 1146 3410 ἡττηθέντα
1188 3344 1318 3408 victorque
1358 3345 1448 3395 exisset

850 3429 1018 3494 τελευτῆσαι,
1029 3427 1079 3481 τὸν
1092 3427 1114 3481 δ
1120 3428 1146 3480 ἐ·
1173 3425 1255 3493 (quod
1265 3428 1287 3481 is
1299 3444 1378 3493 equos
1386 3429 1466 3493 Aqui-

850 3506 1007 3580 πιτυχόντα
1042 3517 1146 3586 γαμεῖν
1171 3512 1230 3562 lone
1257 3513 1395 3564 velociores
1422 3514 1466 3563 ha·

851 3595 901 3664 τὴυ
916 3595 1007 3668 κόρην.
1028 3592 1146 3664 ὑπεστὴ·
1172 3597 1247 3662 buit),
1272 3599 1352 3648 victus
1381 3607 1465 3648 autem

853 3697 922 3736 σατο
947 3681 979 3735 δὲ
1006 3683 1146 3754 ἱπποδρο-
1172 3682 1360 3732 interficeretur.

852 3773 923 3837 μίαν
947 3761 1006 3819 άπὸ
1028 3767 1075 3832 τῆς
1093 3773 1147 3820 Πί-

854 3869 902 3919 σης
914 3850 1001 3923 μέχρι
1012 3861 1062 3903 τοῦ
1078 3851 1147 3904 κατὰ

210 3949 369 4017 Κορίνθιον
390 3937 504 4014 ὶσθμὸν,
531 3943 585 4022 μὰς
598 3944 744 4019 ἀφετηρίων,
754 3943 826 4000 '103-
853 3941 998 4010 Κορίνθου
1032 3931 1148 4007 Ἰσθμοῦ

211 4033 236 4083 εἰ
263 4028 414 4093 δυνηθεῖεν
438 4023 506 4098 άφι-
532 4038 585 4105 μοῖ
601 4033 633 4087 δὲ
651 4032 681 4086 τό
701 4035 796 4106 τέρμα.

210 4117 311 4168 κέσθαι
335 4114 420 4184 μέχρι
444 4108 505 4164 τού·

211 4219 270 4253 του.

262 4471 359 4520 sethe,
375 4466 528 4519 Quaestiones.

853 4020 924 4094 πρὸς
959 4016 1009 4074 τὸν
1052 4017 1148 4093 βωμὸν

853 4114 904 4162 τοῦ
962 4105 1148 4171 Ποσειδῶνος,

853 4191 904 4261 τὴν
923 4192 954 4246 δὲ
974 4187 994 4246 δ’
995 4205 1078 4262 φεσιν
1094 4192 1148 4244 τῶν

854 4281 951 4331 ἵππων
963 4279 1077 4345 ἐποίησε
1090 4297 1147 4330 τοι·

854 4361 948 4430 αὐτην.
967 4359 982 4414 ό
998 4363 1053 4434 μὲν
1066 4358 1146 4416 Οἰνό-

1247 4461 1265 4508 4
