3480 5030
791 1431 916 1528 Caput
942 1433 971 1504 ΙΙ

468 1633 530 1724 ΒΕ
562 1632 750 1725 lllssllsslll
786 1633 989 1726 fatuus
1022 1633 1280 1730 Bneelllels

796 1908 948 1916 ——-

350 2075 536 2169 Postquam
558 2089 660 2168 qualis
682 2089 782 2151 homo
805 2089 898 2153 fuerit
920 2091 1096 2172 Dionysius
1118 2092 1355 2172 Scytobrachio
1383 2115 1500 2175 cogno-

248 2198 354 2259 vimus
376 2203 417 2269 et,
442 2203 597 2276 quantum
619 2194 686 2257 fieri
709 2195 823 2276 potuit,
847 2198 995 2276 eruimus,
1019 2199 1095 2278 quid
1117 2199 1157 2261 de
1175 2197 1374 2280 Argonautis
1395 2220 1501 2261 narra·

249 2307 340 2381 verit,
363 2324 459 2367 nemo
481 2304 544 2364 iam
559 2300 712 2362 Eduardo
728 2297 891 2362 Schwartz
914 2303 1132 2384 adstipuletur,
1154 2304 1289 2368 Diodori
1310 2305 1416 2386 capita
1430 2305 1502 2366 inde

250 2433 270 2473 a
300 2411 370 2473 libri
401 2408 485 2471 tertii
518 2405 723 2486 sexagesimo
756 2406 898 2468 secundo
932 2425 1032 2488 usque
1069 2409 1111 2472 ad
1145 2410 1290 2491 quintum
1324 2411 1427 2490 quarti
1461 2429 1503 2471 ex

252 2515 409 2596 Dionysio
432 2513 486 2576 illo
509 2510 656 2584 fluxisse,
685 2513 822 2591 quinon
844 2509 950 2573 solum
974 2511 1014 2572 de
1043 2514 1172 2578 Baccho
1193 2515 1320 2596 Libyco
1348 2535 1448 2577 novas
1472 2523 1505 2575 et

251 2621 408 2682 inauditas
438 2616 562 2680 fabulas
595 2617 800 2690 enarraverit,
832 2617 889 2678 sed
918 2617 1052 2697 copiosa
1080 2619 1295 2701 disputatione
1324 2620 1365 2682 de
1388 2618 1504 2681 Bacchi

253 2734 376 2800 natura,
400 2723 497 2801 cultu,
521 2721 615 2784 rebus
638 2721 747 2801 gestie,
771 2740 854 2800 quae
877 2720 928 2782 alii
950 2719 1001 2782 vel
1023 2725 1135 2803 populi
1156 2725 1207 2788 vel
1227 2725 1398 2806 scriptores
1413 2723 1503 2786 aliter

252 2831 293 2894 de
316 2828 444 2892 Baccho
466 2827 671 2900 tradiderant,
695 2827 791 2888 docte
818 2825 1094 2910 composueritssl).
1127 2827 1173 2890 Ut
1195 2839 1313 2905 autem,
1336 2828 1502 2910 quomodo

253 2957 303 2998 res
325 2956 361 2998 se
383 2934 510 3008 habeat,
534 2931 766 3011 intellegamus,
790 2933 929 3013 primum
951 2933 1044 2994 certis
1064 2933 1206 2995 terminis
1220 2932 1503 3016 Scytobrachionis
1554 2989 1556 2993 .

253 3041 457 3103 historiarum
478 3037 559 3100 fines
581 3033 796 3116 distinguendi
819 3046 903 3100 sunt.

340 3144 448 3220 Fingit
468 3143 645 3221 Dionysius
666 3139 733 3220 (ΙΙΙ.
750 3140 813 3221 67),
836 3138 1055 3222 Thymoetam
1079 3140 1242 3224 scripsisse
1264 3162 1393 3204 carmen
1408 3141 1508 3222 Phry·

255 3252 343 3332 gium
355 3248 563 3320 nominatum,
580 3245 669 3307 cuius
684 3255 908 3326 argumentum
923 3268 957 3308 se
973 3247 1090 3310 referre
1101 3247 1187 3321 dicit,
1203 3247 1314 3311 litteris
1326 3247 1508 3329 Pelasgicis,

255 3376 336 3436 quas
357 3354 456 3416 Linus
486 3351 693 3418 constituerit.
739 3350 982 3432 Interrumpitur
1011 3361 1119 3415 autem
1141 3353 1181 3414 de
1204 3351 1375 3433 Pelasgicis
1398 3351 1508 3414 litteris

256 3458 486 3524 commentatio
510 3457 719 3538 paragraphis
740 3456 879 3518 secunda
902 3466 933 3518 et
948 3457 1049 3532 tertia,
1073 3457 1188 3540 quibus
1203 3459 1243 3520 de
1259 3457 1330 3519 Lini
1350 3456 1511 3538 discipulis

256 3566 404 3639 Hercule,
431 3563 607 3643 Thamyra,
631 3561 764 3643 Orpheo
785 3563 898 3642 agitur.
934 3560 1023 3642 Quas
1046 3564 1155 3626 itidem
1175 3584 1218 3626 ex
1235 3561 1511 3644 Scytobrachione

256 3672 386 3735 fluxisse
419 3668 485 3730 veri
515 3688 579 3731 non
608 3677 656 3730 est
685 3667 797 3730 simile.
848 3668 933 3729 Nam
963 3670 1076 3731 rudem
1106 3668 1279 3732 Herculem
1313 3668 1394 3729 inter
1422 3686 1510 3748 prae·

258 3776 474 3840 nobilissimos
504 3782 619 3854 poetas
642 3772 748 3836 referri
771 3793 836 3836 non
859 3775 962 3835 minus
984 3771 1074 3836 nefas
1097 3782 1154 3848 est,
1178 3794 1276 3854 quam
1298 3771 1433 3834 Homeri
1455 3790 1511 3850 ap-

259 3883 347 3964 pingi
378 3881 612 3953 testimonium,
644 3899 742 3958 quem
774 3899 888 3941 omnes
925 3879 1071 3940 manibus
1100 3886 1221 3953 terunt,
1252 3879 1315 3941 hoc
1337 3876 1428 3950 loc0,
1459 3874 1512 3936 ubi

258 4007 353 4049 nemo
383 3993 671 4061 commemoratur,
703 3985 761 4048 nisi
790 3985 844 4067 qui
865 3984 1037 4065 Pelasgicis
1060 3984 1171 4047 litteris
1191 3993 1224 4045 et
1243 3989 1428 4063 pervetusta
1450 3979 1512 4041 dia·

259 4091 344 4155 lectu
381 4111 456 4153 usus
490 4091 588 4153 libros
624 4089 749 4169 reliquit
784 4089 883 4170 vulgo
921 4109 1051 4170 prorsus
1079 4089 1216 4170 ignotos.
1249 4088 1417 4150 Praeterea
1449 4105 1513 4147 sus·

258 4197 418 4280 picionem
453 4205 585 4259 movent
607 4195 705 4260 verba
727 4195 845 4258 haecce
873 4198 894 4274 ξ
924 4213 960 4272 4;
995 4193 1078 4276 »περὶ
1108 4191 1141 4254 δὲ
1164 4184 1300 4276 Ὀρφέως
1328 4200 1382 4252 τοῦ
1409 4190 1512 4272 τρίτου

344 4383 379 4452 ³⁰)
399 4405 423 4437 v.
444 4386 492 4436 Ed.
512 4384 650 4434 Schwartz:
669 4384 701 4432 de
720 4384 843 4448 Dionysio
862 4383 1076 4448 Scytobrachione
1093 4401 1120 4448 p.
1139 4384 1181 4444 46.
