3480 5030
764 386 976 432 ..20-

244 541 394 602 Medeam
418 539 556 602 Athenis
579 559 620 601 ex
644 540 759 620 Aegeo
789 538 889 602 filium
912 539 1075 620 peperisse
1098 537 1248 611 Medum,
1276 545 1312 598 ut
1332 535 1499 598 Diodorus

247 657 282 724 55
308 647 327 723 ξ
352 658 367 723 5
393 643 436 706 ita
464 643 688 725 Apollodorus
710 665 742 726 p.
767 660 816 724 37,
845 644 865 706 l.
894 661 905 704 1
939 652 971 705 et
1001 643 1150 723 Hyginus
1182 641 1308 704 fabulae
1338 640 1380 701 26
1408 640 1499 702 initio

246 751 384 812 tradunt.
429 747 594 810 Diodorus
616 750 728 830 capitis
754 751 793 829 56
815 750 903 813 initio
926 749 1011 810 idem
1033 748 1149 828 repetit
1178 756 1210 811 et
1233 746 1338 829 pergit
1359 731 1499 807 Medeae

245 856 364 936 filiique
387 854 475 916 Medi
496 863 599 916 sortes
622 874 758 917 narrare.
794 855 887 917 Hanc
910 863 1018 917 autem
1042 852 1182 916 sabulam
1205 873 1224 915 a
1245 851 1403 931 Dionysio
1425 869 1499 913 esse

244 961 380 1024 alienam
402 979 466 1020 non
490 958 593 1020 minus
616 959 820 1022 manifestum
848 969 912 1034 est,
947 979 1021 1021 cum
1050 959 1113 1021 hoc
1142 958 1215 1020 loco
1237 957 1367 1038 Persus,
1398 953 1495 1037 quem

244 1064 480 1147 Scytobrachio
509 1064 551 1126 ab
580 1064 706 1127 Hecata
737 1064 802 1127 filia
841 1074 990 1127 necatum
1027 1084 1097 1128 esse
1133 1063 1271 1125 narravit
1298 1065 1336 1141 (c.
1360 1075 1398 1140 45
1433 1063 1496 1141 §2

244 1201 286 1225 =
302 1169 401 1233 schol.
425 1169 580 1250 Apollon.
602 1169 663 1232 Rh.
687 1170 743 1234 ΙΙΙ.
761 1171 844 1250 200),
868 1191 886 1232 a
906 1170 1004 1232 Medo
1026 1167 1238 1243 interficiatur,
1262 1188 1359 1247 quam
1382 1168 1496 1244 elucet,

242 1277 455 1340 bibliothecae
493 1283 525 1335 et
556 1272 678 1354 Hygini
712 1274 837 1338 fabulae
870 1291 909 1356 27
940 1295 1010 1337 esse
1048 1275 1272 1357 propinquam.
1315 1273 1496 1355 Complecti

243 1392 351 1445 autem
381 1379 561 1442 Diodorum
595 1388 627 1442 et
658 1381 746 1461 quod
776 1379 999 1461 Apollodorus
1031 1390 1063 1442 et
1094 1382 1181 1461 quod
1211 1380 1361 1460 Hyginus
1390 1378 1496 1454 resert,

244 1485 334 1550 facile
354 1484 559 1567 perspicitur:
1067 1555 1069 1558 ¹

407 1610 515 1661 Diodor.
533 1612 578 1660 IV.
598 1611 638 1674 56.
661 1623 687 1660 1:
1019 1613 1081 1664 bibl.
1099 1631 1125 1678 p.
1144 1623 1186 1676 37,
1207 1612 1224 1662 l.
1244 1624 1257 1677 5
1277 1629 1349 1678 sqq.:

390 1700 478 1768 φασὶν
516 1692 601 1762 αὐτὴν
633 1697 676 1761 (sc.
711 1692 853 1764 Μήδειαν)
938 1697 1053 1766 Μήδεια
1066 1701 1097 1754 δὲ
1112 1702 1151 1759 εἰς
1162 1697 1292 1767 Κόλχους
1307 1695 1392 1767 ἦλθεν
1406 1699 1497 1770 ἄγνον·

243 1827 249 1840 .
277 1827 283 1839 .
307 1825 313 1838 .
340 1789 379 1846 είς
400 1780 529 1852 Κόλχους
553 1786 733 1852 διασωθῆναι.
771 1779 851 1836 Κατὰ
888 1802 951 1848 στος
968 1791 1016 1841 καὶ
1033 1789 1227 1854 καταλαβοῦσα
1245 1786 1353 1856 Αἰήτην
1370 1785 1426 1842 ὑπό
1446 1795 1498 1843 τοῦ

247 1877 276 1929 δὲ
295 1881 397 1928 τοῦτον
426 1869 477 1926 τόν
503 1867 609 1943 χρόνον
631 1871 738 1941 Αἰήτην
756 1873 786 1925 ἐκ
806 1873 854 1938 τῆς
887 1872 1013 1948 ἀδελφοῦ
1039 1879 1148 1947 Πέρσου
1177 1880 1225 1942 τῆς
1255 1881 1395 1945 βασιλείας
1426 1879 1497 1933 ἔστε·

243 1966 385 2032 βασιλείας
405 1955 461 2014 ὑπὸ
479 1959 621 2032 τάδελφοῦ
633 1966 743 2030 Πέρσου
756 1965 853 2029 βιαίως
886 1967 1006 2038 ρημένον

242 2048 441 2106 ἐκπεπτωκότα

885 2167 1014 2216 κτείνασα
1032 2169 1132 2216 τοῦτον

243 2265 293 2335 τὴν
311 2263 400 2337 ἀρχὴν
418 2259 638 2333 ἀνακτήσασθαι,
886 2272 925 2338 τῷ
942 2274 1029 2342 πατρὶ
1042 2268 1092 2338 τὴν
1104 2275 1248 2336 βασιλείαν
1263 2269 1495 2337 ἀποκατέστησεν.

243 2373 350 2443 Μήδου
379 2379 427 2445 τῆς
456 2377 586 2442 Μηδείας
621 2368 767 2432 ἀνελόντος
803 2366 852 2425 τόν
939 2383 1006 2445 Hyg.
1025 2382 1075 2431 sab.
1094 2393 1141 2443 27:
1257 2383 1349 2431 Medus
1367 2399 1394 2431 re
1411 2382 1499 2431 audita

241 2472 360 2537 Πέρσην.
886 2471 977 2518 Persen
995 2470 1116 2520 interfecit

240 2570 312 2648 μετὰ
332 2573 364 2627 δὲ
380 2583 468 2626 ταῦτα
483 2567 629 2643 δυνάμεως
642 2571 760 2642 ἐγκρατῆ
772 2565 852 2638 ynul-
886 2594 1042 2644 regnumque
1060 2578 1154 2628 avitum
1171 2579 1292 2644 possedit.

240 2682 327 2736 μενον
345 2662 395 2717 τὸν
412 2663 518 2728 Μῆδον

241 2773 348 2838 πολλὴν
366 2774 496 2826 ἐπελθεῖν
515 2773 562 2835 τῆς
584 2767 654 2839 ὑπὲρ
672 2765 723 2821 τὸν
740 2761 851 2820 Πόντον
937 2774 998 2823 bibl.
1018 2790 1042 2838 p.
1055 2784 1096 2838 37,
1114 2774 1130 2822 l.
1144 2788 1160 2835 4
1173 2790 1241 2839 sqq.:
1263 2769 1323 2825 ἀλλ’
1344 2759 1425 2833 οὗτος
1441 2774 1497 2845 μὲν

237 2860 330 2922 tiaras
356 2865 403 2914 καὶ
431 2863 580 2926 κατασχεῖν
602 2856 652 2919 τὴν
671 2851 725 2909 ἀπ’
746 2856 852 2908 ἐκείνου
885 2861 930 2925 (sc.
956 2856 971 2912 ό
993 2860 1105 2926 Μῆδος)
1130 2862 1243 2914 πολλῶν
1268 2856 1404 2933 κρατήσας
1426 2869 1494 2933 βαρ·

241 2953 520 3023 προσαγορευθεῖσαν
542 2944 670 3011 Μηδίαν.
886 2943 980 3016 βόρων
998 2945 1050 3016 τήν
1071 2945 1124 3019 ὑφ’
1144 2945 1244 3003 ἑαυτὸν
1265 2947 1362 3021 χώραν
1381 2945 1495 3006 ἅπασαν

796 3043 798 3047 “
885 3036 1004 3102 Μηδίαν
1016 3031 1136 3100 ἐκάλεσε,
1153 3039 1201 3090 καὶ
1215 3035 1433 3114 στρατευόμενος
1446 3041 1495 3094 ἐπὶ

882 3119 985 3197 Ἰνδοὺς
1004 3121 1138 3180 ἀπέθανε.

937 3215 1006 3279 Hyg.
1022 3228 1053 3277 27
1065 3233 1085 3267 s.
1097 3217 1115 3268 ί.
1131 3247 1164 3254 -
1182 3235 1213 3267 ex
1231 3235 1275 3268 suo
1288 3220 1390 3270 nomine
1403 3227 1494 3270 terram

885 3302 996 3352 Mediam
1015 3305 1213 3368 cognominavit.

326 3403 433 3465 Etiam
462 3401 613 3464 Medeam
642 3390 780 3462 Athenis
813 3401 946 3464 eiectam
980 3424 1066 3478 esse,
1105 3426 1178 3467 cum
1208 3406 1336 3474 Theseo
1367 3413 1494 3476 insidias

241 3509 419 3592 paravisset
436 3507 579 3590 (Diodor.
599 3519 635 3587 55
660 3505 737 3584 βό),
761 3505 875 3586 legitur
897 3508 1006 3570 itidem
1022 3510 1053 3570 in
1068 3509 1261 3576 bibliotheca
1280 3520 1322 3598 (p.
1343 3534 1392 3599 37,
1417 3519 1435 3581 l.
1451 3521 1492 3600 2).

241 3616 353 3697 Atque
376 3615 482 3676 eidem
505 3613 627 3674 auctori
649 3609 812 3673 Diodorus
834 3611 951 3674 debere
974 3613 1114 3689 videtur,
1144 3639 1227 3700 quae
1258 3623 1320 3701 §6
1349 3633 1422 3705 et7
1453 3625 1494 3686 de

242 3721 377 3784 Medeae
399 3719 430 3780 in
454 3718 567 3780 Asiam
590 3715 666 3797 luga
688 3725 811 3793 narrat;
839 3736 1035 3797 quamquam
1057 3720 1136 3784 haec
1159 3726 1189 3784 in
1213 3725 1406 3791 bibliotheca
1429 3750 1494 3792 non

242 3825 447 3908 reperiuntur,
471 3832 579 3885 tamen
595 3820 708 3882 similia
724 3823 809 3902 apud
825 3821 1013 3886 Pausaniam
1028 3825 1175 3907 leguntur
1190 3850 1229 3892 eo
1250 3831 1332 3907 loco,
1357 3834 1410 3896 ubi
1430 3835 1493 3897 iam

242 3951 338 4014 supra
360 3930 477 3992 eodem
500 3926 597 3999 sonte,
626 3945 690 4004 quo
713 3925 875 3990 Diodorus
898 3939 930 3990 et
953 3930 1184 4011 Apollodorus,
1209 3955 1282 3997 eum
1306 3959 1399 4000 usum
1421 3960 1492 4002 esse

240 4037 386 4108 vidimus
410 4034 449 4096 ΙΙ,
475 4047 500 4109 3.
527 4033 547 4110 ξ
570 4030 648 4110 8²³).

309 4329 343 4394 23)
368 4329 503 4379 Pausanias
520 4327 589 4378 varia
606 4327 704 4379 videtur
723 4332 900 4383 contaminare.
