3480 5030
808 397 1020 460 ,32-

286 553 328 614 ad
352 552 485 615 verbum
509 572 612 633 paene
635 573 708 615 cum
732 551 752 613 l.
774 550 829 613 III.
851 571 878 612 c.
901 551 944 628 64
967 553 987 630 ᾖ
1010 564 1089 630 3-5
1115 550 1326 624 consentiunt,
1349 548 1429 612 infra
1457 551 1548 613 dice-

285 677 364 720 mus.
402 657 499 720 Liber
524 658 610 720 Iovis
633 665 666 719 et
687 656 896 737 Proserpinae
919 653 1002 718 filius
1024 656 1105 718 sicut
1133 655 1203 718 libri
1225 655 1283 719 IV.
1306 675 1333 716 c.
1356 671 1378 731 4
1401 658 1421 736 ἓ
1449 672 1474 731 1,
1498 658 1547 720 ita

286 763 383 824 etiam
406 761 447 824 ab
470 761 603 842 Hygino
633 759 740 823 fabula
770 761 827 842 167
859 760 1048 841 appellatur.
1093 760 1206 841 Atque
1228 759 1291 822 hoc
1312 761 1545 838 animadverte,

285 867 475 941 Diodorum,
499 867 524 928 si
538 865 594 929 IV.
617 868 673 946 4§
691 880 705 944 5
731 866 879 927 adnotat:
906 866 1073 948 »διμήτορα
1095 863 1123 926 δ’
1148 865 1241 926 αὐτὸν
1260 869 1543 949 προσαγορευθῆναι

284 969 399 1052 λέγουσι
422 971 473 1031 διὰ
494 970 530 1031 τὸ
552 971 666 1049 πατρὸς
685 969 741 1049 μὲν
762 966 826 1042 ἑνὸς
847 969 976 1053 ὑπάρξαι
996 973 1066 1042 τοὺς
1082 969 1136 1030 δύο
1154 969 1328 1046 Διονύσους,
1349 969 1488 1054 μητέρων
1507 970 1543 1032 δὲ

285 1075 385 1136 δοοΐνο
411 1077 467 1155 (sc.
483 1076 691 1156 Proserpinae
714 1086 747 1139 et
765 1074 925 1155 Semelae)
946 1076 1094 1138 videlicet
1115 1073 1166 1138 hic
1182 1084 1347 1138 auctorem
1362 1077 1461 1158 sequi,
1486 1079 1542 1159 qui

285 1201 383 1243 unum
406 1181 523 1256 modo,
557 1200 622 1243 non
644 1180 726 1242 duos
753 1179 889 1242 Liberos
911 1181 1052 1262 agnovit.
1097 1180 1233 1261 Reperis
1256 1180 1341 1242 idem
1364 1181 1395 1242 in
1416 1181 1539 1262 Hygini

287 1284 395 1349 fabula
425 1286 498 1366 167:
531 1283 668 1367 ›(Liber)
692 1284 833 1347 Bimater
854 1286 958 1348 dictus
980 1294 1045 1362 est,
1075 1285 1197 1367 quippe
1228 1305 1325 1367 quem
1356 1293 1389 1347 et
1410 1285 1539 1348 Proser-

284 1392 359 1473 pina
381 1399 414 1454 et
436 1389 565 1453 Semela
587 1389 812 1470 peperint«³⁸).

391 1494 456 1558 Sed
476 1503 543 1557 tam
566 1496 706 1572 graviter
727 1504 801 1556 sunt
823 1495 941 1558 Bacchi
962 1494 1089 1559 fabulae
1111 1495 1198 1578 apud
1219 1494 1399 1557 Diodorum
1421 1496 1541 1575 praeci-

283 1623 347 1682 pue
369 1602 400 1663 in
419 1607 534 1681 quarto
557 1599 639 1661 libro
661 1599 875 1680 perturbatae,
898 1611 933 1664 ut
954 1622 1108 1684 umquam
1132 1618 1329 1683 quemquam
1343 1599 1426 1661 hanc
1443 1597 1539 1662 farra·

284 1709 390 1789 ginem
413 1707 444 1767 in
474 1703 616 1784 singulas
645 1712 753 1784 partes
775 1714 922 1768 accurate
945 1707 1185 1769 distributurum
1208 1725 1278 1767 esse
1307 1704 1455 1784 equidem
1486 1704 1538 1766 de-

283 1831 419 1893 sperem.
465 1810 556 1900 Haec
577 1829 654 1871 vero
676 1828 735 1890 pro
758 1819 847 1872 certo
870 1820 902 1872 et
925 1811 1095 1893 explorato
1117 1809 1233 1886 habeo,
1255 1810 1451 1883 Diodorum,
1483 1810 1538 1888 qui

282 1916 322 1978 de
344 1915 472 1979 Baccho
488 1916 665 1989 dissereret,
688 1936 731 1977 ex
746 1915 904 1996 Dionysio
920 1915 1025 1977 solum
1040 1915 1191 1997 Libycas,
1216 1935 1297 1996 quas
1310 1914 1394 1989 dicit,
1418 1914 1539 1978 dedeo

283 2019 406 2083 fabulas
428 2021 496 2103 (ΙΙΙ.
518 2020 624 2101 67-7
630 2037 646 2099 3
667 2020 806 2102 demptis
832 2040 860 2085 c.
882 2021 924 2099 67
947 2023 967 2100 ᾖ
990 2036 1075 2098 2-4
1096 2029 1129 2084 et
1151 2042 1177 2084 c.
1202 2035 1241 2101 73
1266 2024 1285 2101 ξ
1308 2022 1340 2101 2)
1360 2021 1536 2102 sumpsisse

282 2135 380 2205 atque
409 2126 515 2207 ipsum
544 2125 730 2189 historicum
752 2124 821 2187 libri
842 2125 900 2190 IV.
924 2145 950 2186 c.
975 2140 1055 2204 2—5
1080 2125 1236 2189 conflasse
1265 2127 1358 2190 variis
1386 2127 1539 2208 inspectis

282 2229 438 2304 fontibus,
462 2230 543 2293 inter
565 2250 648 2310 quos
671 2229 804 2293 fortasse
825 2229 876 2292 vel
899 2229 1099 2293 Hecataeum
1127 2230 1243 2293 Teium
1266 2229 1361 2296 fuisse
1382 2233 1537 2296 Eduardo

282 2332 445 2397 Schwartz
467 2334 699 2416 concedam89).

300 2613 308 2627 V,
368 2560 404 2627 ⁸⁸)
423 2562 464 2614 ef.
482 2564 558 2613 etiam
577 2565 688 2614 tabulam
707 2567 737 2614 de
755 2565 855 2614 Baccho
873 2581 888 2612 a
913 2565 1046 2616 Titanibus
1063 2568 1186 2630 lacerato,
1213 2569 1258 2618 sed
1281 2571 1402 2620 miraculo
1423 2573 1535 2637 quodam

281 2651 370 2700 iterum
388 2659 448 2701 nato
465 2652 532 2717 apud
545 2653 675 2716 Hyginum
694 2651 746 2701 rab.
768 2654 815 2714 167
836 2668 894 2701 cum
907 2653 1013 2703 Diodori
1031 2656 1080 2706 111.
1098 2658 1140 2706 62.
1161 2656 1186 2716 6,
1208 2657 1251 2722 qui
1268 2658 1372 2709 confuse
1391 2675 1422 2710 ex
1433 2661 1536 2726 physio·

281 2739 397 2804 iogorum
415 2740 537 2789 sententia
557 2741 649 2790 scribit.

367 2823 403 2891 99)
427 2843 451 2877 ν.
470 2829 535 2878 Mus.
560 2829 611 2877 Rh.
636 2827 687 2877 vol.
705 2829 762 2878 XL.
780 2844 803 2877 a.
830 2827 904 2893 1885.
946 2830 972 2880 si
999 2830 1136 2880 admodum
1163 2841 1230 2882 recte
1257 2835 1396 2900 disputavi,
1426 2837 1533 2887 Diodori

283 2913 366 2979 capita
384 2915 432 2964 111.
452 2914 553 2964 62-66
570 2924 594 2963 et
612 2915 656 2963 1v.
678 2927 740 2978 1-5
760 2931 810 2964 non
825 2917 928 2966 meliore
947 2918 998 2967 iure
1010 2918 1140 2969 Hecataeo
1153 2921 1217 2970 Teio
1230 2924 1263 2970 ab
1274 2923 1393 2974 Eduardo
1407 2926 1533 2976 Schwartz

282 3002 381 3052 addicta
399 3011 465 3063 sunt,
484 3018 559 3068 quam
576 3009 650 3050 antea
667 3002 800 3066 Dionysio
