3480 5030
782 457 996 518 ..40-

269 627 345 692 103,
376 610 466 674 XIV.
490 613 540 689 84,
566 610 642 674 XV.
666 611 717 690 89.
761 610 875 690 Itaque
897 618 933 672 ut
955 609 1098 690 adparet,
1133 625 1247 669 omnes
1270 604 1339 671 illas
1362 615 1455 674 notas
1478 627 1523 669 ex

264 719 382 780 eodem
411 717 605 798 compendio
635 736 654 778 a
684 715 832 778 Diodoro
862 713 994 776 haustas
1029 721 1062 776 et
1098 731 1157 774 suo
1185 731 1349 792 quamque
1377 711 1451 775 loco
1479 713 1522 774 in·

265 832 384 885 sertam
406 841 486 898 esse,
509 822 553 884 ita
576 841 671 884 nemo
694 841 758 882 non
781 820 916 894 dubitet,
940 817 1016 898 quin
1038 817 1207 880 historicus
1229 817 1338 880 omnia
1352 817 1406 880 illa
1420 838 1522 900 opera

263 929 332 1010 ipse
354 927 468 1008 legerit
491 935 524 990 et
545 925 751 1007 excerpserit.

350 1029 456 1114 Caput
493 1033 535 1094 80
570 1031 669 1113 ipsius
709 1049 781 1093 esse
817 1027 954 1092 Diodori
990 1027 1054 1090 iam
1091 1026 1289 1091 Christianus
1324 1026 1364 1091 G.
1402 1027 1520 1107 Heyne

263 1137 283 1200 l.
313 1137 333 1201 l.
362 1158 395 1219 p.
426 1134 535 1200 XCIV
565 1135 757 1204 observavit.
800 1135 852 1196 De
889 1133 1043 1196 matribus
1080 1142 1206 1207 autem,
1246 1152 1329 1213 quae
1360 1133 1393 1195 in
1423 1132 1520 1197 Creta

262 1240 374 1314 lovem
402 1241 555 1306 infantem
583 1241 749 1306 nutrivisse
776 1239 932 1314 seruntur,
963 1258 1077 1320 parum
1107 1239 1260 1301 adcurate
1282 1240 1420 1319 scriptor
1441 1241 1518 1321 agit,

263 1357 362 1427 quam
385 1355 436 1423 ut,
468 1368 511 1410 ex
533 1367 598 1428 quo
623 1346 711 1409 fonte
733 1346 815 1409 hanc
837 1343 979 1406 fabulam
1000 1344 1157 1419 hauserit,
1189 1363 1387 1425 cognoscere
1414 1344 1518 1408 liceat.

263 1451 311 1516 Cf.
334 1451 376 1515 V.
400 1468 443 1534 70
465 1455 485 1533 ξ
509 1469 527 1514 2
551 1473 600 1534 sq.
623 1459 656 1514 et
676 1449 1039 1514 Pseudo-Eratosthenis
1061 1449 1356 1513 catasterismorum
1382 1469 1410 1512 c.
1434 1449 1464 1512 II
1486 1450 1519 1512 in

263 1554 370 1620 Caroli
391 1557 516 1621 Robert
537 1557 676 1620 editione
698 1576 729 1638 p.
756 1553 928 1636 56l57522).

348 1661 463 1744 Capita
486 1669 535 1737 81,
559 1663 599 1724 82
623 1662 663 1724 de
684 1661 836 1723 Aristaeo
860 1657 941 1721 Otto
964 1656 1099 1721 Sieroka
1121 1679 1153 1740 p.
1179 1675 1217 1738 19
1239 1678 1313 1720 cum
1335 1660 1442 1740 capite
1465 1676 1516 1742 71,

263 1767 316 1830 ubi
338 1767 432 1831 Penei
462 1768 652 1850 genealogia
680 1764 877 1847 explicatur,
911 1762 1084 1826 cohaerere
1113 1771 1221 1846 putat,
1251 1784 1324 1826 cum
1347 1764 1518 1829 Aristaeus

261 1872 405 1954 Hypsei,
434 1873 529 1935 Penei
557 1870 628 1949 filii,
657 1891 759 1952 nepos
788 1871 837 1935 sit.
881 1867 947 1931 Sed
976 1869 1068 1931 nimis
1097 1869 1217 1931 multae
1240 1866 1366 1932 fabulae
1389 1870 1517 1934 aliunde

260 1979 379 2058 petitae
400 1978 615 2051 intercedunt,
639 1996 737 2056 quam
759 1984 796 2038 ut
817 1973 887 2037 sola
908 1974 970 2036 hac
991 1973 1032 2035 de
1051 1993 1149 2035 causa
1170 1974 1256 2036 idern
1279 1972 1352 2036 fons
1373 1975 1516 2056 capitum

260 2084 318 2154 81,
341 2083 381 2144 82
404 2091 437 2144 et
460 2096 496 2162 71
523 2080 589 2143 ulla
609 2080 835 2163 probabilitate
857 2077 953 2142 statui
975 2077 1086 2159 possit.
1131 2077 1338 2141 Inveniuntur
1359 2080 1390 2141 in
1412 2081 1517 2161 prima

259 2195 351 2269 parte
372 2185 513 2249 Aristaei
541 2185 668 2248 fabulae
696 2185 832 2267 vestigia
854 2182 978 2246 Pindari
1002 2182 1106 2266 (Pyth.
1129 2182 1185 2245 IX.
1209 2183 1252 2260 64
1274 2185 1360 2264 sqq.)
1389 2193 1423 2247 et
1452 2188 1472 2265 ᾖ
1495 2203 1518 2265 4

259 2293 340 2354 inter
360 2291 464 2352 varias
487 2310 609 2365 causas,
633 2310 690 2353 cur
707 2291 812 2354 Diana
826 2271 986 2351 Actaeoni
1005 2288 1230 2363 succensuerit,
1253 2288 1305 2351 vel
1328 2309 1367 2352 ea
1388 2289 1514 2372 legitur,

259 2416 357 2476 quam
382 2394 551 2476 Euripides
583 2394 716 2476 protulit
742 2393 941 2457 Baccharum
971 2413 1001 2455 v.
1033 2407 1092 2472 337
1117 2411 1204 2475 sqq.:

507 2498 597 2585 »ὁρᾷς
618 2500 672 2561 τὸν
687 2498 867 2571 Ἀκταίωνος
889 2499 1000 2558 άθλιον
1020 2496 1124 2580 μόρον,

504 2604 538 2664 ὃν
552 2603 694 2683 ὠμόσιτοι
711 2605 857 2677 σκύλακες
870 2604 906 2676 ἃς
921 2603 1080 2686 ἐθρέψατο

502 2709 710 2787 διεσπάσαντο,
734 2707 885 2793 κρείσσον’
909 2707 939 2769 ἐν
961 2708 1115 2790 κυναγίαις

508 2811 681 2896 Ἀρτέμιδος
703 2809 777 2876 εἶναι
800 2809 1003 2895 κομπάσαντ’,
1025 2811 1056 2873 ἓν
1076 2812 1227 2896 ὀργάσιν(

254 2922 291 2983 Iu
320 2920 420 2983 altera
449 2929 540 3002 parte
562 2928 723 2996 narratur,
754 2921 941 2984 Aristaeum
968 2918 1131 3000 Apollinis
1160 2920 1245 2982 iussu
1275 2920 1306 2981 in
1338 2919 1440 2985 Ceum
1470 2925 1512 2987 in-

254 3025 357 3088 sulam
379 3024 559 3106 profectum
581 3025 707 3105 pacatis
729 3024 857 3089 flatibus
879 3025 1026 3088 homines
1049 3044 1068 3087 a
1089 3034 1182 3106 peste
1198 3023 1350 3089 liberasse
1367 3027 1512 3093 similiter

254 3130 418 3203 historiae,
458 3147 555 3208 quam
591 3148 635 3190 ex
673 3129 830 3194 Varronis
863 3130 993 3193 Atacini
1034 3129 1317 3210 ‚Argonautarum
1352 3151 1507 3214 corpore«

253 3234 375 3297 Probus
408 3235 450 3297 ad
484 3233 584 3314 Verg.
620 3233 739 3317 Georg.
769 3236 792 3299 I.
820 3253 859 3313 14
881 3237 925 3317 (p.
958 3237 997 3297 28
1026 3255 1074 3315 sq.
1104 3234 1158 3316 K.)
1191 3236 1339 3300 servavit.
1383 3238 1510 3304 Deinde

253 3340 437 3402 Aristaeum
470 3339 502 3401 in
532 3337 712 3402 Sardiniam
746 3349 779 3403 et
808 3342 839 3402 in
869 3339 1010 3403 Siciliam
1039 3339 1165 3402 venisse
1194 3339 1358 3403 Diodorus
1391 3354 1508 3417 narrat,

251 3453 349 3526 atque
386 3441 565 3506 Sardiniam
602 3455 697 3508 antea
734 3454 860 3508 vastam
899 3445 1046 3508 coluisse.
1109 3442 1208 3524 Quod
1241 3465 1396 3528 compara
1435 3470 1509 3512 curn

250 3549 574 3612 Pseudo-Aristotelis
604 3551 672 3613 mir.
702 3550 835 3613 auscult.
865 3571 892 3612 e.
926 3566 999 3626 100,
1032 3549 1121 3630 quod
1151 3547 1286 3613 Carolus
1316 3551 1515 3618 Miillenhoff

250 3655 291 3716 ad
313 3653 482 3716 Timaeum
505 3656 663 3737 pertinere
686 3655 933 3719 demonstravit:
971 3653 1125 3738 »(Σαρὸὼ)
1146 3700 1154 3714 .
1173 3701 1205 3718 ..
1229 3655 1381 3737 εὐδαίμων
1402 3657 1435 3720 δὲ
1458 3661 1508 3721 καὶ

248 3758 407 3842 πάμφορος
427 3757 600 3843 ἔμπροσθεν
621 3759 735 3843 λέγεται
759 3756 843 3826 εἶναι,
867 3760 921 3821 τὸν
942 3761 998 3844 γὰρ
1017 3757 1205 3844 Ἀρισταῖον,
1236 3762 1270 3824 ὅν
1291 3785 1366 3846 φασι
1388 3787 1507 3848 γεωργι-

248 3862 384 3926 κώτατον
406 3859 481 3925 εἶναι
501 3865 551 3926 ἐπὶ
571 3874 633 3926 τῶν
654 3866 797 3948 ἀρχαίων,
820 3875 928 3927 τοῦτον
949 3868 1050 3928 αὐτῶν
1071 3867 1159 3948 ἄρξαι
1180 3871 1420 3950 μυθολογοῦσιν,
1449 3871 1507 3932 ὑπὸ

247 3967 387 4051 μεγάλων
415 3967 524 4052 ὄρνεων
551 3967 726 4053 ἔμπροσθεν
753 3972 802 4031 καὶ
834 3974 953 4032 πολλῶν
977 3969 1212 4050 κατεχομένων(
1259 3973 1373 4054 Itaque
1401 3976 1507 4039 audeo

249 4075 411 4150 conicere,
454 4075 634 4136 Diodorum
671 4079 767 4140 etiam
805 4076 946 4139 Aristaei
992 4075 1119 4139 fabulae
1156 4087 1283 4159 partem
1321 4080 1452 4161 quidem
1487 4101 1506 4143 e

334 4317 386 4383 ⁵²⁸)
416 4322 524 4369 Matrum
551 4319 634 4369 cultus
657 4320 785 4385 Erigyium
809 4336 825 4368 a
846 4320 1008 4371 Cretensibus
1033 4322 1147 4372 translati
1171 4323 1323 4374 Posidonius
1349 4325 1505 4375 mentionem

248 4407 322 4457 fecit:
342 4406 467 4457 Plutarch.
486 4406 599 4456 Marcell.
618 4423 640 4456 c.
658 4420 704 4464 20;
726 4407 795 4470 quod
814 4407 939 4473 Georgius
958 4409 1066 4458 Knaack
1083 4410 1144 4459 mihi
1163 4412 1281 4462 ostendit.
