3438 5028
108 2937 167 2968 „a”

1 2965 105 2994 ,M

721 375 932 437 „90„

203 533 347 595 nuntiem
370 529 475 594 solum
504 531 593 609 quod
614 538 756 601 constat,
785 527 967 590 Diodorum
999 527 1029 587 in
1051 524 1208 606 Apolloni
1237 524 1459 605 Argonautica

202 638 360 717 respicere
391 656 429 697 eo
460 635 548 716 quod
576 636 726 715 adnotat,
764 632 937 694 Herculem
970 632 1000 693 in
1027 631 1107 692 Asia
1136 651 1207 692 esse
1235 631 1396 705 relictum,
1428 633 1458 692 in

203 741 383 803 Hesiodum
413 761 469 812 e0,
505 740 592 819 quod
622 741 713 813 dicit,
748 737 922 800 Herculem
952 736 1082 809 abiisse,
1114 745 1148 798 ut
1177 755 1295 817 aquam
1325 746 1458 816 peteret.

203 846 310 908 Etiam
333 867 360 908 c.
385 847 425 921 48
448 848 468 924 ξ
488 862 504 922 3
526 844 690 906 Diodorus
713 844 869 925 Apolloni
893 843 1047 904 rationem
1075 842 1193 904 habere
1210 842 1349 908 videtur:
1373 864 1456 916 narn,

204 970 401 1031 quamquam
431 949 599 1012 historicus
629 951 759 1028 quidem
790 950 964 1011 draconem
992 948 1077 1009 aurei
1101 948 1225 1009 velleris
1250 949 1458 1010 custodema

203 1056 321 1118 Medea
335 1055 464 1119 venenis
482 1073 552 1116 esse
567 1063 726 1129 necatum,
746 1055 887 1134 sopitum
904 1053 1002 1114 modo
1018 1073 1088 1114 esse
1103 1062 1200 1131 pocta
1216 1051 1285 1131 (lV.
1303 1067 1362 1130 150
1373 1057 1458 1135 sqq.)

202 1161 381 1239 narrat111),
405 1170 513 1221 tamen
525 1157 659 1220 Diodori
682 1158 787 1232 verba,
811 1178 894 1238 quae
910 1166 1099 1236 sequuntur:
1130 1157 1194 1216 »καὶ
1212 1157 1377 1240 (Μήδειαν)
1391 1156 1458 1237 μετ’

200 1257 332 1337 Ἰάσονος
364 1265 418 1343 τὴν
451 1261 498 1324 ἐπὶ
528 1262 688 1323 θάλατταν
710 1262 879 1340 κατάβασιν
901 1262 1119 1340 ποιήσασθακ,
1150 1262 1191 1322 ad
1221 1261 1384 1324 Rhodium
1415 1285 1458 1327 re·

202 1371 355 1452 spiciunt.
387 1371 441 1450 qui
470 1368 621 1429 Medeam
652 1388 724 1429 cum
748 1388 811 1429 uno
831 1369 946 1429 Iasone
969 1366 1070 1428 vellus
1094 1369 1234 1448 rapuisse
1257 1381 1364 1430 narrat
1388 1370 1456 1449 (IV.

208 1475 396 1554 114-205).
433 1473 602 1534 Praeterea
623 1472 786 1534 Diodorus
807 1488 845 1548 41
873 1475 893 1551 ξ
919 1489 935 1549 3
959 1471 1053 1551 Argo
1076 1492 1191 1534 navem
1213 1472 1254 1533 ab
1277 1473 1380 1555 Arg0,
1405 1477 1457 1554 qui

204 1599 276 1641 eam
299 1576 522 1650 aedificaverit,
547 1596 665 1639 nomen
688 1578 850 1655 accepisse
873 1597 892 1637 a
914 1577 1072 1639 nonnullis
1095 1577 1343 1658 mythographis
1376 1582 1458 1641 tradi

203 1685 294 1760 dicit;
318 1684 445 1763 Argum
469 1681 613 1743 Minerva
635 1683 805 1743 adiuvante
828 1702 943 1742 navem
966 1681 1051 1743 illam
1073 1681 1244 1744 fabricasse
1263 1683 1458 1764 Apollonius

204 1810 233 1850 v.
270 1806 308 1866 14
335 1796 571 1850 commemorat
600 1786 649 1868 (cf.
681 1786 781 1852 schol.
809 1789 852 1866 4).
895 1786 1043 1864 Denique
1072 1787 1234 1849 Diodorus
1261 1810 1287 1849 c.
1321 1790 1375 1867 56,
1405 1790 1457 1851 ubi

204 1895 307 1955 varias
339 1892 531 1973 scriptorum
565 1893 738 1954 sententias
772 1894 811 1953 de
851 1890 1115 1971 Argonautarum
1152 1914 1170 1954 e
1208 1894 1312 1955 Ponto
1355 1896 1457 1957 reditu

204 1999 385 2080 perlustrat,
410 2000 430 2078 ξ
453 2013 471 2078 7
496 1997 630 2059 fortasse
652 2006 763 2059 contra
785 1996 997 2077 Apollonium
1026 1998 1229 2079 pugrrat112),
1261 1999 1382 2080 quippe
1405 2000 1458 2078 qui

205 2104 415 2184 Argonautas
444 2124 502 2184 per
524 2103 640 2165 Istrum
663 2101 821 2164 flumenc
850 2102 953 2164 Ponto
983 2103 1014 2163 in
1043 2123 1130 2164 mare
1152 2103 1352 2165 Adriaticum
1375 2107 1457 2166 navi·

205 2229 300 2290 gasse
321 2209 448 2270 finxerit
471 2208 555 2289 (284,
581 2222 640 2286 592
662 2210 745 2288 sqq).
791 2204 884 2286 Quae
906 2226 979 2268 cum
1001 2209 1044 2269 ita
1066 2227 1101 2268 se
1124 2206 1272 2280 habeant,
1297 2208 1372 2270 mihi
1393 2213 1457 2288 qui-

204 2316 279 2376 dem
302 2313 367 2374 veri
389 2314 514 2375 videtur
536 2312 647 2387 simile,
670 2313 851 2375 Diodorum
874 2314 1012 2387 lacinias,
1036 2332 1115 2390 quas
1138 2312 1274 2392 Dionysi
1297 2315 1458 2395 epitomae

204 2419 316 2492 adsuit,
340 2438 383 2479 ex
406 2420 521 2480 eodem
544 2417 625 2480 libro
648 2418 829 2497 sumpsisse,
854 2438 919 2497 quo
935 2427 990 2479 aut
1005 2420 1076 2499 ipso
1092 2427 1147 2480 aut
1164 2418 1204 2479 ab
1220 2419 1287 2480 aliis
1303 2430 1458 2500 excerpto

202 2525 339 2587 sortasse
369 2524 466 2586 etiam
497 2534 696 2584 commutato
721 2523 942 2604 Apollodorus
972 2533 1004 2586 et
1027 2525 1176 2604 Hyginus
1203 2525 1243 2585 ad
1272 2523 1396 2586 sabulas
1418 2526 1458 2586 de

205 2630 402 2710 Argonautis
425 2640 457 2690 et
478 2630 594 2690 Medea
616 2629 856 2708 componendas
880 2629 927 2690 usi
949 2638 1030 2691 sunt.
1065 2630 1176 2710 Itaque
1199 2633 1262 2690 iam
1285 2639 1359 2691 ante
1380 2631 1458 2692 Dio·

201 2737 272 2797 dori
295 2745 435 2796 aetatem
459 2733 750 2815 mythographum,
784 2734 837 2811 qui
860 2734 1080 2814 Argonautica
1112 2745 1268 2808 narraret,
1299 2735 1456 2816 Apolloni

200 2841 349 2902 carminis
379 2849 604 2918 argumentum
636 2859 787 2900 exarasse
818 2848 915 2918 atque
946 2839 1010 2900 suis
1035 2841 1113 2901 locis
1135 2839 1313 2901 fabularum
1343 2842 1456 2903 discre-

168 2936 330 3026 “pantias
353 2945 525 3007 adnotasse
548 2945 768 3024 accipiendum
791 2953 848 3005 est.

289 3051 445 3111 Attamen
467 3051 609 3112 nondum
632 3047 769 3110 refutata
797 3058 846 3109 est
871 3050 1036 3124 sententia,
1060 3069 1157 3130 quam
1181 3049 1314 3113 Carolus
1333 3051 1458 3113 Robert

204 3164 236 3216 et
258 3155 428 3216 Eduardus
454 3153 617 3216 Schwartz
640 3153 941 3234 promulgaverunt,
965 3154 1128 3216 doctrinae
1152 3155 1293 3231 frustula,
1320 3178 1403 3237 quae
1427 3159 1456 3218 in

203 3260 400 3323 bibliotheca
422 3259 578 3340 Apolloni
611 3267 803 3338 argumento
825 3259 950 3319 adiecta
972 3269 1053 3332 sunt,
1078 3272 1206 3342 sumpta
1232 3283 1301 3324 esse
1332 3261 1456 3324 escho-

206 3366 253 3427 liis
283 3364 517 3445 Apollonianis
563 3364 628 3425 Res
658 3372 766 3447 autem
796 3364 902 3442 gravis
931 3374 996 3438 est,
1026 3385 1098 3426 cum
1128 3367 1200 3428 hinc
1229 3366 1367 3447 proiecti
1398 3368 1457 3428 viri

204 3471 291 3531 docti
314 3490 354 3530 eo
377 3470 571 3540 devenerint,
595 3478 630 3529 ut
650 3467 770 3529 scholia
787 3488 806 3528 a
821 3467 1068 3549 mythographis
1087 3481 1240 3552 excerpta
1256 3493 1326 3534 esse
1343 3481 1458 3533 statue·

205 3583 291 3650 rent;
314 3575 422 3653 itaque
444 3576 558 3637 iterum
580 3593 652 3636 eam
667 3574 854 3654 pertractari
869 3571 954 3634 haud
970 3594 1242 3654 supervacaneum
1258 3586 1344 3638 ratus
1360 3576 1458 3639 susius

289 3776 337 3842 ¹¹¹)
358 3777 390 3828 cf.
409 3778 487 3826 schol.
509 3779 565 3841 156,
586 3779 654 3841 quod
673 3779 792 3836 adnotat,
819 3779 956 3827 secundum
975 3779 1145 3842 Pherecydem
1166 3780 1299 3828 draconem
1316 3782 1348 3829 ab
1367 3783 1458 3829 Iasone

203 3865 362 3915 interiectum
387 3881 449 3916 esse.
469 3893 500 3900 -
520 3866 610 3929 ltaque
636 3867 742 3930 cogitari
768 3874 851 3930 potest
878 3875 920 3914 aut
947 3866 1087 3915 Diodorum
1112 3867 1233 3932 Apolloni
1258 3877 1282 3915 et
1308 3869 1458 3932 Pherecydis

207 3954 307 4003 fabulas
325 3955 462 4014 miscuisse,
482 3961 525 4002 aut
543 3955 706 4019 neglegenter
725 3953 803 4001 solam
822 3955 945 4018 Apolloni
964 3955 1076 4003 fabulam
1095 3955 1215 4004 retulisse.
1277 3995 1282 4016 ,

289 4040 337 4108 112)
358 4043 420 4092 Otto
437 4040 540 4090 Sierolra
558 4042 575 4091 l.
596 4043 612 4092 l.
637 4059 664 4107 p.
684 4057 699 4105 9
718 4051 821 4107 propter
838 4041 920 4091 ultimi
942 4039 959 4107 ξ
979 4042 994 4091 8
1019 4043 1140 4092 enuntiati
1165 4044 1304 4092 orationem
1328 4044 1458 4107 obliquam

204 4139 297 4188 censet,
319 4131 460 4178 Diodorum
479 4129 582 4179 aliunde
599 4130 786 4195 deprompsisse
804 4147 914 4192 causam,
935 4147 985 4195 qua
1003 4131 1125 4195 Apolloni
1142 4131 1254 4179 fabulam
1273 4131 1373 4180 refutat.
1408 4131 1459 4180 Sed

204 4217 318 4281 pluribus
336 4217 458 4281 exemplis
477 4234 551 4282 supra
569 4219 697 4276 evicimus,
718 4219 771 4267 sola
789 4221 901 4267 oratione
921 4219 1026 4283 obliqua
1044 4218 1107 4266 nihil
1125 4219 1288 4268 demonstrari
1308 4221 1331 4268 in
1351 4220 1458 4268 Diodori

201 4304 314 4353 sontibus
333 4307 490 4368 quaerendis.
