3438 5028
725 393 1014 482 -51-‘

200 576 281 626 schol.
296 574 377 624 Orest.
387 587 438 637 990
450 572 494 640 (C)
522 572 716 638 schol.Ap.Rh.
727 574 748 622 I.
759 584 816 637 752.
877 574 1045 625 Diodor.1V.
1061 587 1101 638 73.
1207 575 1277 640 Hyg.
1298 574 1350 624 fab.
1371 575 1412 637 84.

223 668 248 709 et
266 660 371 709 Tzetzae
389 659 470 708 schol.

278 745 340 806 Lyc.
363 743 418 808 156.

892 881 1013 948 φθείρας
1033 877 1065 930 δὲ
1087 874 1138 931 τὸν
1216 881 1305 944 Itaque
1353 881 1458 944 Myrtilo

839 957 956 1029 ἡνίοχον
982 967 1033 1016 τοῦ
1056 965 1138 1017 Οἰνο-
1164 965 1266 1029 aurigae
1284 965 1337 1014 eius
1358 981 1459 1029 persua·

840 1043 918 1117 μαόυ
929 1052 1080 1118 Μυρτίλον
1091 1050 1137 1102 καὶ
1163 1049 1194 1098 sit
1212 1065 1368 1114 regnumque
1381 1050 1403 1099 ei
1423 1051 1460 1099 di·

841 1133 936 1200 λαβών
1002 1132 1137 1205 συνεργὸν
1163 1134 1269 1183 midium
1286 1133 1421 1198 pollicetur
1440 1134 1461 1183 si

842 1213 913 1287 πρὸς
931 1213 979 1283 τὴν
997 1221 1082 1282 νίκην·
1163 1235 1189 1268 se
1207 1217 1343 1268 adiuvaret.

253 1351 311 1406 ὅδὲ
330 1358 391 1412 ταῖς
405 1371 496 1421 χοινι·
573 1349 732 1424 Φερεκύδης
743 1351 775 1405 δὲ
791 1353 821 1404 ἰν
1218 1352 1268 1402 fide
1277 1353 1460 1420 dataMyrtilus
1533 1351 1535 1356 ’

201 1444 259 1492 κίοι
294 1441 350 1492 τῶν
369 1437 373 1444 '
387 1438 497 1507 τροχῶν
522 1431 539 1503 η
552 1441 640 1507 φησὶν
654 1431 696 1490 ὅτι
713 1437 763 1497 οὐκ
776 1438 820 1490 ἐν·
1167 1453 1266 1486 currum
1278 1438 1359 1488 iunxit
1374 1448 1399 1489 et
1411 1440 1461 1488 cla-

202 1523 268 1583 τοὺς
312 1517 395 1589 ἥλους
448 1521 498 1574 οὐκ
524 1521 667 1588 έθηκενίν
684 1521 723 1588 τῷ
743 1514 820 1583 ἄξονι
1167 1539 1211 1570 vos
1221 1521 1247 1570 in
1259 1529 1326 1572 rotas
1335 1541 1388 1573 non
1401 1539 1461 1573 con·

204 1609 288 1674 (thz.
313 1604 353 1678 μὴ
377 1607 421 1672 C.)
448 1607 498 1675 ἐμ·
524 1602 574 1660 τὸν
604 1607 743 1677 ἔμβαλον,
773 1612 820 1660 καὶ
1165 1606 1239 1670 jecit:
1271 1605 1356 1672 itaque
1391 1609 1462 1674 equis

203 1692 297 1762 βαλὼν
316 1695 429 1759 ἐποίησε
449 1692 500 1744 τὸν
524 1690 611 1752 οὕτως
643 1693 821 1746 ἐκκυλισθέν-
1167 1691 1283 1749 incitatis,
1304 1709 1403 1742 currum
1421 1694 1464 1742 de·
1527 1723 1529 1726 ·

204 1775 348 1849 Οἰνόμαον
355 1778 386 1830 ἔν
394 1779 433 1844 τῷ
441 1779 499 1844 πρέ·
525 1796 572 1837 τος
588 1783 639 1829 τοῦ
656 1784 759 1848 τροχοῦ
777 1779 822 1832 ἐκ·
1167 1776 1262 1825 sectum
1271 1776 1397 1826 Oenomai
1405 1780 1464 1844 equi

165 1903 167 1906 -
198 1883 264 1934 χειν
281 1860 435 1931 ἡττηθῆναι
452 1865 500 1914 καὶ
526 1867 619 1915 πεσεῖν
657 1857 707 1914 τὸν
738 1858 821 1916 orvi·
934 1907 937 1910 .
1168 1860 1342 1911 distraxerunt.

206 1947 390 2021 ἀναιρεθῆναι
444 1945 500 2000 ὑπὸ
525 1964 609 2017 μαον.

207 2035 249 2100 (C.
266 2032 343 2106 παρὰ
356 2031 438 2098 thz.)
452 2032 502 2084 τοῖ

207 2123 339 2178 Πέλοπος
370 2112 502 2170 ἐκπεσόν-

207 2223 262 2258 των
281 2206 337 2256 τοΐν
349 2204 466 2273 τροχῶν,

242 2342 334 2390 Tzetza
343 2340 418 2398 solus,
429 2339 502 2388 omit·
648 2331 822 2390 σκευάσαντα
851 2341 959 2410 ἔφθασε
985 2336 1146 2412 παραγενό-

208 2427 238 2476 tit
262 2425 306 2476 C.:
332 2421 350 2489 ἢ
374 2419 411 2483 ὥς
432 2441 505 2482 τινες
530 2423 576 2488 (sc.
594 2421 645 2476 τὸν
667 2423 825 2492 Μυρτίλον)
867 2442 952 2496 μενος
992 2427 1041 2480 ἐπὶ
1080 2412 1129 2481 τον

210 2505 504 2578 λέγουσιν,οἷντὶσιὸη-
529 2503 578 2561 τὸν
592 2509 714 2579 ἔμβαλον
731 2511 761 2563 ἐκ
778 2530 826 2577 ιιη·
850 2505 965 2581 Ἰσθμὸν
996 2508 1066 2579 πρὸς
1090 2509 1146 2564 τὸν

209 2600 290 2665 ρείων
308 2588 390 2658 ἣλιον,
417 2591 504 2662 ἔμβα·
530 2598 590 2666 ροῦ,
608 2595 748 2664 ἴναέντῷ
761 2591 826 2665 dod·
851 2604 902 2646 τοῦ
910 2595 1146 2662 Ποσειδῶνοςβω-

210 2676 265 2732 λών
289 2678 326 2746 τῷ
351 2670 427 2738 ἄξονι
453 2687 510 2750 τοῦ,
529 2697 575 2746 μῳ
587 2677 826 2741 θλασθέντοςαύ-
852 2671 916 2747 μόν.
936 2674 951 2730 ὁ
968 2675 1147 2752 δὈῖνίμαος

210 2751 510 2835 ι’ἱρηιιατοςνιηρίουςααὶι
531 2767 582 2814 τοῦ
600 2757 715 2830 νικήσας
727 2768 826 2834 Πέλοψ
926 2758 1012 2816 αὑτὸν
1035 2763 1065 2817 iu
1098 2766 1148 2817 τοῦ

210 2849 297 2908 οὕτως
327 2844 426 2915 ἥττησε
450 2852 507 2900 Πέ·
532 2842 602 2920 λάβη
634 2844 723 2916 αὐτὴν
756 2846 828 2921 πρὸς
853 2849 901 2914 ζῆν
919 2852 1095 2919 μετέστησεν.

210 2936 268 3002 imp
282 2928 433 2997 Οἰνόμαον.
533 2927 635 3005 γάμον.

298 3068 414 3130 Vidisti
437 3068 510 3148 plus
532 3088 596 3129 uno
617 3068 692 3130 loco
714 3069 895 3130 Diodorum
918 3069 1073 3149 imprimis
1095 3090 1169 3132 cum
1194 3068 1315 3133 scholio
1332 3070 1467 3153 Apollo·

212 3175 307 3235 niano
330 3172 432 3235 multo
455 3173 586 3252 quidem
609 3172 754 3235 uberiore
783 3174 827 3235 ita
849 3173 1044 3247 consentire,
1077 3182 1112 3236 ut
1134 3175 1313 3236 necessario
1343 3177 1467 3240 conclu·

212 3279 353 3341 dendum
376 3278 431 3351 sit,
462 3298 561 3339 unum
583 3275 706 3340 sontem
728 3270 765 3346 'iis
788 3277 930 3342 subesse.
972 3277 1080 3340 Distat
1102 3295 1179 3338 vero
1202 3277 1243 3339 ab
1266 3280 1414 3346 omnibus
1436 3285 1467 3345 in

215 3384 374 3446 Oenomai
404 3392 507 3444 morte
541 3381 723 3456 referenda;
753 3403 827 3443 cum
855 3391 963 3444 autem
986 3403 1004 3444 a
1027 3382 1115 3444 nullo
1138 3392 1266 3463 praeter
1287 3385 1467 3450 Diodorum

214 3489 370 3571 scriptore
394 3487 553 3550 Oenomai
582 3487 794 3550 voluntariam
823 3495 961 3548 mortem
993 3488 1074 3549 tradi
1106 3488 1279 3562 inveniam,
1314 3491 1467 3572 suspicor,

215 3594 397 3655 Diodorum
425 3613 484 3674 per
512 3613 547 3654 se
576 3592 728 3654 audacter
759 3601 975 3654 commutasse
1005 3590 1147 3654 fabulam
1174 3593 1255 3656 sicut
1282 3614 1308 3656 c,
1332 3609 1371 3676 75
1397 3599 1417 3676 ξ
1439 3614 1470 3674 4,

218 3717 415 3780 quamquam
439 3718 496 3760 cur
517 3697 581 3760 hoc
604 3695 721 3770 fecerit,
746 3698 1054 3787 demonstrarenon
1076 3717 1218 3777 possum.

305 3826 419 3908 Capite
442 3843 482 3908 72
504 3827 667 3905 Diodorus
690 3828 796 3907 Asopi
823 3827 948 3908 generis
976 3809 1122 3889 inlustrat
1143 3836 1282 3891 stemma
1304 3829 1470 3892 uberrime.

219 3933 360 3995 Tantam
383 3934 513 4011 quidem
529 3932 758 3995 abundantiam
773 3951 971 4012 quamquam
986 3930 1102 3994 frustra
1118 3934 1299 4012 quaerimus
1315 3935 1346 3997 in
1362 3935 1472 3998 biblio-

220 4039 323 4111 theca,
347 4048 456 4100 tamen
478 4038 584 4118 stirpis
606 4057 726 4118 genera
748 4038 863 4100 eadem
885 4037 1062 4098 invenimus
1084 4038 1170 4117 apud
1185 4039 1425 4119 Apollodorum
1441 4051 1474 4104 et

220 4142 354 4218 fabulas,
378 4164 459 4225 quas
475 4146 515 4206 de
529 4143 626 4206 Peleo
642 4153 675 4206 et
693 4143 871 4206 Telamone
886 4143 1026 4204 breviter
1041 4143 1140 4206 modo
1156 4141 1322 4206 hi'sto'ricus
1338 4145 1473 4227 stringit,

221 4247 319 4312 fusius
341 4249 471 4330 q'pidem
488 4250 546 4311 sed
566 4251 697 4335 easdem
713 4249 745 4309 in
759 4247 954 4311 bibliotheca
969 4246 1115 4327 legimus.
1149 4236 1196 4309 Ut
1210 4257 1318 4310 autem
1333 4250 1389 4312 tibi
1406 4247 1475 4312 r'em

223 4361 298 4415 ante
332 4349 443 4416 oculos
474 4333 618 4434 ⁷ponam,
652 4353 758 4434 Asopi
794 4352 975 4434 progeniei,
1009 4351 1140 4432 qualem
1173 4352 1334 4434 Diodorus
1353 4354 1476 4432 refert,

979 4452 981 4456 ,
1234 4453 1271 4517 4*
