3438 5028
754 446 964 510 „97-

231 599 401 662 frustulum
431 597 591 680 proferat,
619 601 709 678 quod
737 619 848 662 revera
875 621 917 663 ex
940 601 1102 680 Euripidis
1129 601 1265 664 Bacchis
1287 603 1424 683 petitum
1447 615 1496 666 est
1531 591 1538 602 ’

232 705 319 788 (bibl.
340 725 372 786 p.
397 703 438 766 86
461 703 480 766 l.
505 719 678 784 7—10=
700 703 809 785 Eurip.
834 704 951 766 Bacch.
975 725 1004 766 v.
1031 705 1108 766 26-
1116 707 1179 785 31),
1213 705 1348 770 Carolus
1369 708 1496 770 Robert

231 811 403 884 conclusit,
434 818 468 871 et
489 809 698 872 scholiastam
720 817 753 871 et
779 809 1058 891 mythographum
1086 810 1231 873 hausisse
1255 831 1296 873 ex
1319 811 1495 893 hypothesi

229 916 424 997 Euripideae
446 912 583 976 fabulae.
629 913 677 975 At
699 913 847 977 fortunae
881 917 1002 997 gratial
1036 915 1200 977 Diodorus
1231 915 1280 978 bis
1303 917 1372 998 (lV.
1404 933 1422 978 2
1452 948 1495 972 =

227 1023 282 1084 ΙΙΙ.
306 1022 358 1102 64)
390 1021 526 1083 eandem
556 1021 598 1081 de
626 1017 755 1081 Semela
783 1029 816 1082 et
843 1021 974 1083 Baccho
1001 1019 1143 1082 fabulam
1173 1041 1216 1082 ex
1244 1023 1376 1097 eodem,
1409 1026 1492 1086 unde

229 1109 462 1208 Apollodorus,
485 1145 565 1206 ergo
586 1125 684 1186 etiam
708 1124 881 1187 scholiasta
898 1125 949 1188 ille
968 1127 1161 1204 compendio
1177 1125 1310 1188 fabulari
1326 1129 1494 1209 descripsit

230 1235 270 1316 (v.
294 1252 392 1312 supra
414 1250 446 1310 p.
472 1231 511 1308 58
533 1231 604 1310 sq),
643 1231 701 1291 sed
724 1240 838 1293 neutro
861 1231 934 1292 loco
956 1228 1117 1310 Euripidis
1151 1231 1350 1294 Baccharum
1370 1235 1495 1315 vestigii

228 1338 354 1419 species
386 1335 551 1396 invenitur.
604 1334 719 1413 Itaque
748 1355 822 1396 cum
852 1335 1016 1397 Diodorus
1044 1335 1283 1414 antiquissimus
1315 1338 1405 1399 testis
1440 1340 1489 1411 sit,

228 1442 407 1505 necessario
430 1441 583 1518 sequitur,
607 1448 773 1502 auctorem
789 1440 871 1501 illius
886 1441 1068 1520 'compendii
1083 1439 1277 1520 Euripideae
1292 1442 1491 1505 Baccharum

227 1546 376 1609 ὑπόθεσιν
405 1563 470 1605 non
504 1543 726 1622 descripsisse,
759 1545 812 1624 qui
842 1546 883 1606 de
905 1544 991 1605 Iovis
1021 1546 1052 1606 in
1074 1543 1238 1606 Semelam
1263 1566 1373 1608 amore
1395 1557 1427 1609 et
1450 1549 1491 1609 de

227 1623 346 1715 BaPcln
370 1659 442 1711 ortu
472 1646 621 1722 referret3
652 1667 757 1728 neque
778 1668 855 1711 sane
885 1650 1053 1722 miramur,
1084 1670 1157 1712 cum
1180 1650 1347 1730 tragoedia
1369 1653 1410 1713 de
1432 1653 1492 1713 illis

228 1756 344 1819 fabulis
366 1774 470 1835 paene
492 1752 569 1814 nihil
585 1753 750 1833 praebeat,
775 1755 863 1833 quod
881 1755 1153 1835 mythographico
1169 1754 1250 1817 libro
1266 1764 1378 1835 aptum
1393 1756 1491 1819 videri

227 1862 343 1943 potuit,
368 1869 403 1921 ut
425 1859 495 1939 ipse
519 1857 655 1920 Carolus
677 1857 803 1919 Robert
825 1879 856 1939 p.
881 1873 941 1938 245
962 1859 1112 1940 explicat.

315 2000 430 2079 Itaque
452 2018 579 2071 censeo,
604 2007 770 2058 auctorem
793 1998 976 2077 compendii
999 1997 1150 2060 historiae
1178 1998 1338 2072 fabularis,
1363 2001 1403 2060 de
1426 2021 1491 2081 quo

226 2105 422 2177 disserimus
452 2122 517 2164 non
537 2101 699 2174 ὑποθέσεις
719 2103 934 2183 descripsisse,
959 2104 1016 2164 sed
1039 2104 1108 2183 ipsa
1123 2105 1265 2165 carmina
1280 2106 1489 2185 excerpsisse,

226 2231 331 2290 neque
353 2209 429 2270 mihi
445 2209 572 2270 videtur
587 2209 653 2268 veri
669 2228 740 2269 esse
756 2207 916 2281 dissimile,
941 2207 1022 2268 tales
1036 2207 1205 2285 ὑποθέσεις,
1230 2209 1341 2290 quales
1356 2209 1490 2274 Carolus

226 2315 350 2378 Robert
388 2314 481 2387 dicit,
529 2313 646 2395 partim
687 2313 817 2392 quidem
861 2332 879 2373 e
924 2315 1123 2392 compendiis
1161 2315 1390 2396 mythologicis
1431 2318 1487 2378 dc-

225 2430 395 2502 promptas
417 2438 497 2480 esse.

311 2558 503 2639 Compendii
523 2565 690 2618 auctorem
712 2554 1026 2630 Alexandrinorum,
1058 2558 1112 2638 qui
1134 2559 1283 2633 audiunt,
1313 2568 1484 2639 poetarum

224 2661 393 2723 thesauros
424 2679 489 2721 non
518 2657 753 2738 contempsisse
783 2658 846 2718 iam
876 2657 1049 2738 probatum
1078 2667 1128 2721 est
1156 2681 1195 2721 eo
1219 2662 1307 2741 quod
1329 2660 1485 2741 Apolloni

224 2761 448 2843 Argonautica
485 2760 527 2822 ab
564 2760 620 2822 illo
656 2780 794 2822 excussa
830 2780 901 2821 esse
935 2760 1092 2840 adparuit.
1150 2761 1261 2840 Nuper
1297 2759 1485 2823 Callimachi

224 2863 359 2926 srustula
373 2862 461 2945 apud
474 2861 717 2943 Apollodorum
739 2869 771 2922 et
794 2861 825 2921 in
840 2862 1069 2941 Argonauticis
1091 2872 1125 2924 et
1147 2864 1178 2923 in
1193 2863 1345 2924 Busiridis
1367 2861 1482 2925 fabulis

224 2965 357 3028 feliciter
380 2963 541 3045 Georgius
556 2961 694 3025 Knaack
716 2962 855 3023 detexit:
880 2962 954 3024 vide
978 2963 1046 3024 eius
1062 2961 1287 3038 Callimachea,
1311 2985 1343 3045 p.
1368 2975 1433 3042 3et
1450 2966 1482 3045 8,

223 3086 332 3146 progr.
356 3085 468 3144 gymn.
491 3052 620 3125 Stettin.
645 3063 735 3141 1887.

308 3199 500 3261 Accuratius
532 3218 626 3272 vern,
658 3200 824 3279 quomodo
854 3199 1114 3280 mythographus
1146 3201 1213 3272 ille,
1245 3201 1333 3264 cuius
1367 3201 1482 3263 librum

223 3307 387 3368 Diodorus
423 3303 569 3366 manibus
598 3304 700 3378 trivit,
730 3323 798 3365 rem
827 3305 1011 3379 instituerit,
1047 3315 1127 3387 quot
1157 3315 1189 3367 et
1219 3327 1300 3388 quas
1329 3305 1482 3368 fabularis

222 3413 386 3476 doctrinae
409 3411 520 3491 copias
537 3409 756 3482 cumulaverit,
780 3419 848 3470 tum
865 3410 996 3471 demum
1011 3422 1236 3491 cognoscetur,
1260 3433 1334 3473 curn
1350 3412 1483 3492 singulis
1541 3393 1546 3402 ¹

222 3516 464 3598 quaestionibus
483 3515 655 3592 diligenter
677 3512 826 3596 perfectis
847 3515 947 3589 rivuli,
972 3517 1026 3596 qui
1049 3539 1091 3578 ex
1113 3518 1176 3580 hoc
1199 3516 1288 3579 fonte
1311 3516 1481 3592 fluxerunt,

223 3623 404 3704 investigati
426 3622 516 3683 erint.
554 3619 601 3682 Ut
621 3629 730 3681 autem
752 3621 804 3681 hic
825 3620 917 3683 labor
940 3620 1078 3683 fructum
1102 3621 1189 3696 ferat,
1214 3642 1312 3701 quarn
1335 3623 1484 3701 antiquis-

223 3729 293 3788 simi
316 3729 489 3809 scriptores
512 3726 686 3806 quaerendi
707 3735 797 3798 sunt,
828 3727 882 3804 qui
913 3727 1158 3807 propinquitatis
1180 3725 1308 3788 vinculo
1329 3747 1404 3789 curn
1426 3727 1482 3788 illo

223 3830 374 3894 fabularis
402 3833 553 3894 historiae
583 3831 777 3911 compendio
800 3831 983 3893 cohaerent.
1029 3829 1103 3909 Qua
1133 3832 1174 3893 de
1202 3852 1299 3894 causa
1323 3851 1482 3912 pauperes

223 3937 384 4018 epitomae
399 3938 534 3999 Diodori
557 3946 656 4016 atque
677 3935 792 3997 breves
808 3935 985 4009 Iliacarum,
1008 3955 1092 4014 quae
1111 3945 1276 4010 vocantur,
1299 3935 1482 3998 tabularum

222 4041 444 4120 inscriptiones
466 4044 575 4122 magni
597 4050 670 4103 sunt
692 4041 794 4121 pretii.
831 4041 942 4121 Atque
965 4050 1132 4121 praeterea
1154 4060 1252 4102 unum
1276 4040 1352 4102 mihi
1370 4041 1482 4102 videor

222 4146 377 4226 reperisse
400 4155 542 4225 poetam,
566 4148 619 4228 qui
643 4145 759 4207 eodem
782 4155 837 4208 aut
859 4146 1133 4228 propinquissimo
1155 4145 1285 4226 quidem
1301 4144 1390 4208 fonte
1406 4167 1481 4207 usus

222 4261 280 4326 est,
304 4271 370 4331 quo
392 4250 571 4312 Diodorus:
604 4250 768 4318 Ovidium.
810 4250 876 4313 Sed
897 4251 960 4313 alio
984 4250 1057 4312 loco
1080 4250 1120 4312 de
1143 4270 1183 4312 eo
1206 4250 1282 4312 mihi
1305 4253 1365 4332 erit
1387 4251 1481 4313 latius

222 4357 443 4418 disserendum
471 4363 569 4435 atque
599 4357 815 4436 disputatione
846 4356 887 4417 ab
914 4358 975 4418 hac
1003 4365 1094 4436 parte
1124 4356 1267 4417 instituta
1298 4377 1351 4419 me
1384 4355 1481 4419 Ovidi

273 4467 375 4514 Bethe.
390 4465 541 4516 Quaestiones.
1261 4470 1275 4520 7
