<?xml version="1.0" encoding="UTF-8"?>
<!DOCTYPE html PUBLIC "-//W3C//DTD XHTML 1.0 Transitional//EN"
    "http://www.w3.org/TR/xhtml1/DTD/xhtml1-transitional.dtd">
<html xmlns="http://www.w3.org/1999/xhtml" xml:lang="en" lang="en">
 <head>
  <title>
</title>
<meta http-equiv="Content-Type" content="text/html;charset=utf-8" />
  <meta name='ocr-system' content='tesseract 3.04.00' />
  <meta name='ocr-capabilities' content='ocr_page ocr_carea ocr_par ocr_line ocrx_word'/>
</head>
<body>
  <div class='ocr_page' id='page_1' title='image "./quaestionesdiod01bethgoog_0040.png"; bbox 0 0 3480 5030; ppageno 0'>
   <div class='ocr_carea' id='block_1_1' title="bbox 765 343 977 406">
    <p class='ocr_par' dir='ltr' id='par_1_1' title="bbox 765 343 977 406">
     <span class='ocr_line' id='line_1_1' title="bbox 765 343 977 406; baseline -0.005 -33"><span class='ocrx_word' id='word_1_1' title='bbox 765 343 977 406; x_wconf 72' lang='lat' dir='ltr'>-ss-</span> 
     </span>
    </p>
   </div>
   <div class='ocr_carea' id='block_1_2' title="bbox 238 494 1504 1418">
    <p class='ocr_par' dir='ltr' id='par_1_2' title="bbox 238 494 1504 1083">
     <span class='ocr_line' id='line_1_2' title="bbox 238 494 1504 580; baseline 0.002 -21"><span class='ocrx_word' id='word_1_2' title='bbox 238 498 443 578; x_wconf 73' lang='lat' dir='ltr'>doceant45),</span> <span class='ocrx_word' id='word_1_3' title='bbox 482 517 594 559; x_wconf 89' lang='lat' dir='ltr'>revera</span> <span class='ocrx_word' id='word_1_4' title='bbox 622 496 703 558; x_wconf 91' lang='lat' dir='ltr'>illius</span> <span class='ocrx_word' id='word_1_5' title='bbox 737 494 863 558; x_wconf 88' lang='lat' dir='ltr'>fabulae</span> <span class='ocrx_word' id='word_1_6' title='bbox 897 505 1063 559; x_wconf 86' lang='lat' dir='ltr'>auctorem</span> <span class='ocrx_word' id='word_1_7' title='bbox 1096 517 1167 560; x_wconf 88' lang='lat' dir='ltr'>esse</span> <span class='ocrx_word' id='word_1_8' title='bbox 1201 497 1294 560; x_wconf 92' lang='lat' dir='ltr'>nobis</span> <span class='ocrx_word' id='word_1_9' title='bbox 1329 519 1368 561; x_wconf 93' lang='lat' dir='ltr'>eo</span> <span class='ocrx_word' id='word_1_10' title='bbox 1400 500 1504 580; x_wconf 85' lang='lat' dir='ltr'>magis</span> 
     </span>
     <span class='ocr_line' id='line_1_3' title="bbox 241 600 1503 684; baseline 0.002 -20"><span class='ocrx_word' id='word_1_11' title='bbox 241 603 483 684; x_wconf 87' lang='lat' dir='ltr'>persuademus.</span> <span class='ocrx_word' id='word_1_12' title='bbox 537 601 635 682; x_wconf 85' lang='lat' dir='ltr'>Quod</span> <span class='ocrx_word' id='word_1_13' title='bbox 671 600 828 682; x_wconf 94' lang='lat' dir='ltr'>probatur</span> <span class='ocrx_word' id='word_1_14' title='bbox 864 601 983 663; x_wconf 89' lang='lat' dir='ltr'>collata</span> <span class='ocrx_word' id='word_1_15' title='bbox 1020 602 1234 684; x_wconf 88' lang='lat' dir='ltr'>descriptione</span> <span class='ocrx_word' id='word_1_16' title='bbox 1273 602 1376 666; x_wconf 91' lang='lat' dir='ltr'>Aorni</span> <span class='ocrx_word' id='word_1_17' title='bbox 1413 603 1503 668; x_wconf 93' lang='lat' dir='ltr'>lacus</span> 
     </span>
     <span class='ocr_line' id='line_1_4' title="bbox 239 704 1502 788; baseline 0.002 -20"><span class='ocrx_word' id='word_1_18' title='bbox 239 711 295 788; x_wconf 75' lang='lat'>(22</span> <span class='ocrx_word' id='word_1_19' title='bbox 319 709 339 786; x_wconf 66' lang='grc' dir='ltr'>ξ</span> <span class='ocrx_word' id='word_1_20' title='bbox 368 708 396 787; x_wconf 80' lang='grc'>1)</span> <span class='ocrx_word' id='word_1_21' title='bbox 420 727 494 769; x_wconf 88' lang='grc'>011111</span> <span class='ocrx_word' id='word_1_22' title='bbox 517 704 849 769; x_wconf 87' lang='lat' dir='ltr'>Pseudo-Aristotelis</span> <span class='ocrx_word' id='word_1_23' title='bbox 872 706 1065 770; x_wconf 91' lang='lat' dir='ltr'>mirabilium</span> <span class='ocrx_word' id='word_1_24' title='bbox 1087 707 1357 770; x_wconf 89' lang='lat' dir='ltr'>auscultationum</span> <span class='ocrx_word' id='word_1_25' title='bbox 1378 729 1405 771; x_wconf 92' lang='lat' dir='ltr'>c.</span> <span class='ocrx_word' id='word_1_26' title='bbox 1434 724 1502 783; x_wconf 88' lang='lat'>102,</span> 
     </span>
     <span class='ocr_line' id='line_1_5' title="bbox 241 809 1503 895; baseline 0.003 -23"><span class='ocrx_word' id='word_1_27' title='bbox 241 813 332 893; x_wconf 91' lang='lat' dir='ltr'>quod</span> <span class='ocrx_word' id='word_1_28' title='bbox 355 810 492 875; x_wconf 85' lang='lat' dir='ltr'>Carolus</span> <span class='ocrx_word' id='word_1_29' title='bbox 515 809 713 874; x_wconf 78' lang='lat' dir='ltr'>Mullenhoff</span> <span class='ocrx_word' id='word_1_30' title='bbox 737 811 757 875; x_wconf 93' lang='lat' dir='ltr'>l.</span> <span class='ocrx_word' id='word_1_31' title='bbox 786 812 805 873; x_wconf 95' lang='lat' dir='ltr'>l.</span> <span class='ocrx_word' id='word_1_32' title='bbox 829 831 862 892; x_wconf 92' lang='lat' dir='ltr'>p.</span> <span class='ocrx_word' id='word_1_33' title='bbox 885 829 949 891; x_wconf 81' lang='grc'>439</span> <span class='ocrx_word' id='word_1_34' title='bbox 980 810 1167 875; x_wconf 87' lang='lat' dir='ltr'>Callimachi</span> <span class='ocrx_word' id='word_1_35' title='bbox 1200 811 1386 875; x_wconf 88' lang='lat' dir='ltr'>testimonio</span> <span class='ocrx_word' id='word_1_36' title='bbox 1416 815 1503 895; x_wconf 89' lang='lat' dir='ltr'>apud</span> 
     </span>
     <span class='ocr_line' id='line_1_6' title="bbox 242 914 1502 1000; baseline 0.002 -22"><span class='ocrx_word' id='word_1_37' title='bbox 242 917 445 997; x_wconf 81' lang='lat' dir='ltr'>Antigonum</span> <span class='ocrx_word' id='word_1_38' title='bbox 460 915 642 996; x_wconf 87' lang='lat' dir='ltr'>Carystium</span> <span class='ocrx_word' id='word_1_39' title='bbox 659 920 698 997; x_wconf 88' lang='lat' dir='ltr'>(c.</span> <span class='ocrx_word' id='word_1_40' title='bbox 719 930 777 996; x_wconf 86' lang='lat'>152</span> <span class='ocrx_word' id='word_1_41' title='bbox 800 914 839 982; x_wconf 88' lang='lat' dir='ltr'>cf.</span> <span class='ocrx_word' id='word_1_42' title='bbox 861 937 888 978; x_wconf 94' lang='lat' dir='ltr'>c.</span> <span class='ocrx_word' id='word_1_43' title='bbox 910 918 982 997; x_wconf 80' lang='grc'>129)</span> <span class='ocrx_word' id='word_1_44' title='bbox 1006 917 1091 979; x_wconf 88' lang='lat' dir='ltr'>nisus</span> <span class='ocrx_word' id='word_1_45' title='bbox 1114 938 1133 980; x_wconf 91' lang='lat' dir='ltr'>e</span> <span class='ocrx_word' id='word_1_46' title='bbox 1155 917 1291 981; x_wconf 90' lang='lat' dir='ltr'>Timaeo</span> <span class='ocrx_word' id='word_1_47' title='bbox 1312 927 1502 1000; x_wconf 91' lang='lat' dir='ltr'>excerptum</span> 
     </span>
     <span class='ocr_line' id='line_1_7' title="bbox 240 1023 439 1083; baseline 0 0"><span class='ocrx_word' id='word_1_48' title='bbox 240 1041 314 1083; x_wconf 88' lang='lat' dir='ltr'>esse</span> <span class='ocrx_word' id='word_1_49' title='bbox 337 1023 439 1083; x_wconf 88' lang='lat' dir='ltr'>evicit.</span> 
     </span>
    </p>

    <p class='ocr_par' dir='ltr' id='par_1_3' title="bbox 241 1123 1503 1418">
     <span class='ocr_line' id='line_1_8' title="bbox 328 1123 1501 1208; baseline 0.002 -20"><span class='ocrx_word' id='word_1_50' title='bbox 328 1126 453 1189; x_wconf 90' lang='lat' dir='ltr'>Fabula</span> <span class='ocrx_word' id='word_1_51' title='bbox 474 1128 515 1188; x_wconf 91' lang='lat' dir='ltr'>de</span> <span class='ocrx_word' id='word_1_52' title='bbox 537 1125 644 1206; x_wconf 90' lang='lat' dir='ltr'>Eryce</span> <span class='ocrx_word' id='word_1_53' title='bbox 667 1123 805 1186; x_wconf 91' lang='lat' dir='ltr'>Veneris</span> <span class='ocrx_word' id='word_1_54' title='bbox 828 1133 860 1187; x_wconf 89' lang='lat' dir='ltr'>et</span> <span class='ocrx_word' id='word_1_55' title='bbox 883 1126 985 1188; x_wconf 87' lang='lat' dir='ltr'>Butae</span> <span class='ocrx_word' id='word_1_56' title='bbox 1009 1125 1084 1199; x_wconf 85' lang='lat' dir='ltr'>filio,</span> <span class='ocrx_word' id='word_1_57' title='bbox 1109 1147 1207 1208; x_wconf 88' lang='lat' dir='ltr'>quam</span> <span class='ocrx_word' id='word_1_58' title='bbox 1229 1126 1393 1190; x_wconf 92' lang='lat' dir='ltr'>Diodorus</span> <span class='ocrx_word' id='word_1_59' title='bbox 1416 1149 1443 1192; x_wconf 91' lang='lat' dir='ltr'>c.</span> <span class='ocrx_word' id='word_1_60' title='bbox 1461 1143 1501 1208; x_wconf 94' lang='grc'>23</span> 
     </span>
     <span class='ocr_line' id='line_1_9' title="bbox 242 1229 1503 1312; baseline 0.002 -19"><span class='ocrx_word' id='word_1_61' title='bbox 242 1233 410 1312; x_wconf 59' lang='grc'>82111101</span> <span class='ocrx_word' id='word_1_62' title='bbox 431 1232 496 1293; x_wconf 92' lang='lat' dir='ltr'>duo</span> <span class='ocrx_word' id='word_1_63' title='bbox 518 1230 644 1292; x_wconf 85' lang='lat' dir='ltr'>Timaei</span> <span class='ocrx_word' id='word_1_64' title='bbox 675 1229 808 1291; x_wconf 82' lang='lat' dir='ltr'>frustula</span> <span class='ocrx_word' id='word_1_65' title='bbox 830 1231 943 1304; x_wconf 86' lang='lat' dir='ltr'>tradit,</span> <span class='ocrx_word' id='word_1_66' title='bbox 973 1231 1119 1294; x_wconf 89' lang='lat' dir='ltr'>videlicet</span> <span class='ocrx_word' id='word_1_67' title='bbox 1150 1241 1218 1294; x_wconf 89' lang='lat' dir='ltr'>arte</span> <span class='ocrx_word' id='word_1_68' title='bbox 1248 1232 1400 1295; x_wconf 88' lang='lat' dir='ltr'>cohaeret</span> <span class='ocrx_word' id='word_1_69' title='bbox 1429 1253 1503 1296; x_wconf 90' lang='lat' dir='ltr'>cum</span> 
     </span>
     <span class='ocr_line' id='line_1_10' title="bbox 241 1333 1503 1418; baseline 0.002 -20"><span class='ocrx_word' id='word_1_70' title='bbox 241 1337 347 1417; x_wconf 87' lang='lat' dir='ltr'>capite</span> <span class='ocrx_word' id='word_1_71' title='bbox 369 1338 421 1415; x_wconf 87' lang='lat'>83.</span> <span class='ocrx_word' id='word_1_72' title='bbox 468 1334 565 1415; x_wconf 84' lang='lat' dir='ltr'>Quod</span> <span class='ocrx_word' id='word_1_73' title='bbox 588 1337 828 1397; x_wconf 89' lang='lat' dir='ltr'>demonstratur</span> <span class='ocrx_word' id='word_1_74' title='bbox 850 1333 940 1396; x_wconf 85' lang='lat' dir='ltr'>Servi</span> <span class='ocrx_word' id='word_1_75' title='bbox 973 1336 1096 1398; x_wconf 89' lang='lat' dir='ltr'>scholio</span> <span class='ocrx_word' id='word_1_76' title='bbox 1126 1337 1167 1398; x_wconf 88' lang='lat' dir='ltr'>ad</span> <span class='ocrx_word' id='word_1_77' title='bbox 1190 1336 1314 1418; x_wconf 86' lang='lat' dir='ltr'>Vergili</span> <span class='ocrx_word' id='word_1_78' title='bbox 1337 1336 1503 1401; x_wconf 89' lang='lat' dir='ltr'>Aeneidos</span> 
     </span>
    </p>
   </div>
   <div class='ocr_carea' id='block_1_3' title="bbox 153 1439 1501 1522">
    <p class='ocr_par' dir='ltr' id='par_1_4' title="bbox 153 1439 1501 1522">
     <span class='ocr_line' id='line_1_11' title="bbox 153 1439 1501 1522; baseline 0.001 -18"><span class='ocrx_word' id='word_1_79' title='bbox 153 1482 155 1486; x_wconf 80' lang='lat'><strong>.</strong></span> <span class='ocrx_word' id='word_1_80' title='bbox 245 1443 264 1504; x_wconf 94' lang='lat' dir='ltr'>l.</span> <span class='ocrx_word' id='word_1_81' title='bbox 288 1443 311 1504; x_wconf 92' lang='lat' dir='ltr'>l.</span> <span class='ocrx_word' id='word_1_82' title='bbox 335 1463 365 1503; x_wconf 91' lang='lat' dir='ltr'>v.</span> <span class='ocrx_word' id='word_1_83' title='bbox 392 1456 467 1521; x_wconf 84' lang='lat'>570:</span> <span class='ocrx_word' id='word_1_84' title='bbox 497 1440 608 1518; x_wconf 64' lang='lat' dir='ltr'>»Eryx</span> <span class='ocrx_word' id='word_1_85' title='bbox 628 1439 765 1501; x_wconf 84' lang='lat' dir='ltr'>Veneris</span> <span class='ocrx_word' id='word_1_86' title='bbox 796 1448 828 1500; x_wconf 89' lang='lat' dir='ltr'>et</span> <span class='ocrx_word' id='word_1_87' title='bbox 858 1440 960 1502; x_wconf 87' lang='lat' dir='ltr'>Butae</span> <span class='ocrx_word' id='word_1_88' title='bbox 990 1439 1073 1502; x_wconf 88' lang='lat' dir='ltr'>tilius</span> <span class='ocrx_word' id='word_1_89' title='bbox 1103 1439 1160 1503; x_wconf 88' lang='lat' dir='ltr'>fuit</span> <span class='ocrx_word' id='word_1_90' title='bbox 1185 1441 1238 1522; x_wconf 90' lang='lat'>(=</span> <span class='ocrx_word' id='word_1_91' title='bbox 1253 1440 1386 1505; x_wconf 91' lang='lat' dir='ltr'>Diodor.</span> <span class='ocrx_word' id='word_1_92' title='bbox 1409 1463 1436 1505; x_wconf 92' lang='lat' dir='ltr'>c.</span> <span class='ocrx_word' id='word_1_93' title='bbox 1462 1459 1501 1505; x_wconf 89' lang='lat'>22</span> 
     </span>
    </p>
   </div>
   <div class='ocr_carea' id='block_1_4' title="bbox 241 1543 1503 2047">
    <p class='ocr_par' dir='ltr' id='par_1_5' title="bbox 241 1543 1503 2047">
     <span class='ocr_line' id='line_1_12' title="bbox 245 1543 1502 1628; baseline 0.001 -20"><span class='ocrx_word' id='word_1_94' title='bbox 245 1549 408 1626; x_wconf 72' lang='lat'><strong>§2:0.</strong></span> <span class='ocrx_word' id='word_1_95' title='bbox 433 1547 474 1623; x_wconf 85' lang='lat'>83</span> <span class='ocrx_word' id='word_1_96' title='bbox 498 1548 518 1624; x_wconf 61' lang='grc' dir='ltr'>ξ</span> <span class='ocrx_word' id='word_1_97' title='bbox 546 1547 590 1622; x_wconf 84' lang='grc'>1),</span> <span class='ocrx_word' id='word_1_98' title='bbox 620 1543 674 1623; x_wconf 92' lang='lat' dir='ltr'>qui</span> <span class='ocrx_word' id='word_1_99' title='bbox 707 1544 830 1605; x_wconf 91' lang='lat' dir='ltr'>occisus</span> <span class='ocrx_word' id='word_1_100' title='bbox 860 1543 901 1604; x_wconf 90' lang='lat' dir='ltr'>ab</span> <span class='ocrx_word' id='word_1_101' title='bbox 924 1545 1065 1606; x_wconf 90' lang='lat' dir='ltr'>Hercule</span> <span class='ocrx_word' id='word_1_102' title='bbox 1087 1547 1141 1625; x_wconf 91' lang='lat'>(=</span> <span class='ocrx_word' id='word_1_103' title='bbox 1156 1546 1289 1616; x_wconf 91' lang='lat' dir='ltr'>Diodor.</span> <span class='ocrx_word' id='word_1_104' title='bbox 1313 1567 1339 1608; x_wconf 92' lang='lat' dir='ltr'>c.</span> <span class='ocrx_word' id='word_1_105' title='bbox 1365 1562 1405 1625; x_wconf 85' lang='lat'>23</span> <span class='ocrx_word' id='word_1_106' title='bbox 1428 1549 1449 1626; x_wconf 64' lang='grc' dir='ltr'><strong>ξ</strong></span> <span class='ocrx_word' id='word_1_107' title='bbox 1473 1549 1502 1628; x_wconf 84' lang='grc'>2)</span> 
     </span>
     <span class='ocr_line' id='line_1_13' title="bbox 244 1647 1503 1731; baseline 0.001 -18"><span class='ocrx_word' id='word_1_108' title='bbox 244 1653 346 1713; x_wconf 86' lang='grc'>11101111</span> <span class='ocrx_word' id='word_1_109' title='bbox 380 1670 422 1712; x_wconf 87' lang='lat' dir='ltr'>ex</span> <span class='ocrx_word' id='word_1_110' title='bbox 456 1647 621 1729; x_wconf 88' lang='lat' dir='ltr'>sepultura</span> <span class='ocrx_word' id='word_1_111' title='bbox 653 1668 712 1709; x_wconf 91' lang='lat' dir='ltr'>sua</span> <span class='ocrx_word' id='word_1_112' title='bbox 746 1668 864 1710; x_wconf 91' lang='lat' dir='ltr'>nornen</span> <span class='ocrx_word' id='word_1_113' title='bbox 894 1648 1063 1728; x_wconf 90' lang='lat' dir='ltr'>imposuit;</span> <span class='ocrx_word' id='word_1_114' title='bbox 1098 1650 1131 1711; x_wconf 92' lang='lat' dir='ltr'>in</span> <span class='ocrx_word' id='word_1_115' title='bbox 1161 1671 1226 1731; x_wconf 92' lang='lat' dir='ltr'>quo</span> <span class='ocrx_word' id='word_1_116' title='bbox 1242 1699 1244 1704; x_wconf 93' lang='lat'><strong>.</strong></span> <span class='ocrx_word' id='word_1_117' title='bbox 1259 1651 1352 1713; x_wconf 87' lang='lat' dir='ltr'>matri</span> <span class='ocrx_word' id='word_1_118' title='bbox 1385 1650 1503 1715; x_wconf 84' lang='lat' dir='ltr'>fecerat</span> 
     </span>
     <span class='ocr_line' id='line_1_14' title="bbox 241 1752 1503 1837; baseline 0.001 -20"><span class='ocrx_word' id='word_1_119' title='bbox 241 1756 421 1837; x_wconf 78' lang='lat' dir='ltr'>templum«</span> <span class='ocrx_word' id='word_1_120' title='bbox 448 1757 501 1834; x_wconf 87' lang='lat'>(=</span> <span class='ocrx_word' id='word_1_121' title='bbox 516 1753 650 1816; x_wconf 90' lang='lat' dir='ltr'>Diodor.</span> <span class='ocrx_word' id='word_1_122' title='bbox 675 1772 701 1813; x_wconf 92' lang='lat' dir='ltr'>c.</span> <span class='ocrx_word' id='word_1_123' title='bbox 726 1754 764 1832; x_wconf 88' lang='grc'>83</span> <span class='ocrx_word' id='word_1_124' title='bbox 790 1756 810 1832; x_wconf 59' lang='grc' dir='ltr'>ᾗ</span> <span class='ocrx_word' id='word_1_125' title='bbox 838 1755 874 1832; x_wconf 85' lang='grc'>1).</span> <span class='ocrx_word' id='word_1_126' title='bbox 918 1752 1033 1832; x_wconf 91' lang='lat' dir='ltr'>Erycis</span> <span class='ocrx_word' id='word_1_127' title='bbox 1056 1774 1134 1816; x_wconf 92' lang='lat' dir='ltr'>vero</span> <span class='ocrx_word' id='word_1_128' title='bbox 1157 1753 1299 1817; x_wconf 86' lang='lat' dir='ltr'>fabulam</span> <span class='ocrx_word' id='word_1_129' title='bbox 1322 1775 1365 1817; x_wconf 88' lang='lat' dir='ltr'>ex</span> <span class='ocrx_word' id='word_1_130' title='bbox 1387 1757 1503 1818; x_wconf 88' lang='lat' dir='ltr'>eodem</span> 
     </span>
     <span class='ocr_line' id='line_1_15' title="bbox 246 1856 1503 1938; baseline 0.002 -18"><span class='ocrx_word' id='word_1_131' title='bbox 246 1859 350 1931; x_wconf 84' lang='lat' dir='ltr'>fonte,</span> <span class='ocrx_word' id='word_1_132' title='bbox 381 1880 424 1920; x_wconf 88' lang='lat' dir='ltr'>ex</span> <span class='ocrx_word' id='word_1_133' title='bbox 454 1877 518 1936; x_wconf 92' lang='lat' dir='ltr'>quo</span> <span class='ocrx_word' id='word_1_134' title='bbox 541 1856 721 1937; x_wconf 86' lang='lat' dir='ltr'>Daphnidis</span> <span class='ocrx_word' id='word_1_135' title='bbox 750 1858 902 1938; x_wconf 89' lang='lat' dir='ltr'>sumpsit,</span> <span class='ocrx_word' id='word_1_136' title='bbox 933 1877 967 1918; x_wconf 93' lang='lat' dir='ltr'>se</span> <span class='ocrx_word' id='word_1_137' title='bbox 998 1857 1142 1920; x_wconf 91' lang='lat' dir='ltr'>hausisse</span> <span class='ocrx_word' id='word_1_138' title='bbox 1172 1859 1336 1922; x_wconf 91' lang='lat' dir='ltr'>Diodorus</span> <span class='ocrx_word' id='word_1_139' title='bbox 1365 1861 1503 1923; x_wconf 87' lang='lat' dir='ltr'>indicare</span> 
     </span>
     <span class='ocr_line' id='line_1_16' title="bbox 246 1953 1503 2047; baseline 0.001 -21"><span class='ocrx_word' id='word_1_140' title='bbox 246 1966 370 2027; x_wconf 89' lang='lat' dir='ltr'>videtur</span> <span class='ocrx_word' id='word_1_141' title='bbox 405 1963 511 2026; x_wconf 90' lang='lat' dir='ltr'>verbis</span> <span class='ocrx_word' id='word_1_142' title='bbox 548 1963 611 2024; x_wconf 92' lang='lat' dir='ltr'>his:</span> <span class='ocrx_word' id='word_1_143' title='bbox 658 1960 743 2042; x_wconf 79' lang='grc' dir='ltr'><em>»περὶ</em></span> <span class='ocrx_word' id='word_1_144' title='bbox 780 1960 812 2020; x_wconf 79' lang='grc' dir='ltr'>δὲ</span> <span class='ocrx_word' id='word_1_145' title='bbox 848 1960 1005 2044; x_wconf 77' lang='grc' dir='ltr'>Δάφνιδος</span> <span class='ocrx_word' id='word_1_146' title='bbox 1037 1963 1087 2023; x_wconf 83' lang='grc' dir='ltr'>καὶ</span> <span class='ocrx_word' id='word_1_147' title='bbox 1124 1953 1255 2044; x_wconf 76' lang='grc' dir='ltr'><strong><em>’Ἐρυκος</em></strong></span> <span class='ocrx_word' id='word_1_148' title='bbox 1277 1963 1503 2047; x_wconf 75' lang='grc' dir='ltr'><strong><em>πειρασόμεθα</em></strong></span> 
     </span>
    </p>
   </div>
   <div class='ocr_carea' id='block_1_5' title="bbox 138 2063 1503 2150">
    <p class='ocr_par' dir='ltr' id='par_1_6' title="bbox 138 2063 1503 2150">
     <span class='ocr_line' id='line_1_17' title="bbox 138 2063 1503 2150; baseline 0 -20"><span class='ocrx_word' id='word_1_149' title='bbox 138 2073 140 2078; x_wconf 81' lang='grc'>’</span> <span class='ocrx_word' id='word_1_150' title='bbox 243 2071 394 2131; x_wconf 62' lang='lat' dir='ltr'>tartaro«</span> <span class='ocrx_word' id='word_1_151' title='bbox 422 2072 459 2150; x_wconf 80' lang='lat' dir='ltr'>(c.</span> <span class='ocrx_word' id='word_1_152' title='bbox 485 2069 525 2146; x_wconf 86' lang='lat'>83</span> <span class='ocrx_word' id='word_1_153' title='bbox 550 2071 569 2147; x_wconf 64' lang='grc' dir='ltr'>ξ</span> <span class='ocrx_word' id='word_1_154' title='bbox 597 2069 633 2146; x_wconf 90' lang='lat'>1).</span> <span class='ocrx_word' id='word_1_155' title='bbox 680 2063 763 2126; x_wconf 89' lang='lat' dir='ltr'>Cum</span> <span class='ocrx_word' id='word_1_156' title='bbox 796 2075 904 2128; x_wconf 85' lang='lat' dir='ltr'>autem</span> <span class='ocrx_word' id='word_1_157' title='bbox 927 2066 1109 2148; x_wconf 92' lang='lat' dir='ltr'>Daphnidis</span> <span class='ocrx_word' id='word_1_158' title='bbox 1139 2067 1280 2130; x_wconf 86' lang='lat' dir='ltr'>fabulam</span> <span class='ocrx_word' id='word_1_159' title='bbox 1303 2089 1346 2130; x_wconf 88' lang='lat' dir='ltr'>ex</span> <span class='ocrx_word' id='word_1_160' title='bbox 1367 2069 1503 2132; x_wconf 89' lang='lat' dir='ltr'>Timaeo</span> 
     </span>
    </p>
   </div>
   <div class='ocr_carea' id='block_1_6' title="bbox 242 2169 1504 3195">
    <p class='ocr_par' dir='ltr' id='par_1_7' title="bbox 242 2169 1504 3195">
     <span class='ocr_line' id='line_1_18' title="bbox 244 2169 1503 2254; baseline -0.001 -17"><span class='ocrx_word' id='word_1_161' title='bbox 244 2175 375 2238; x_wconf 89' lang='lat' dir='ltr'>fluxisse</span> <span class='ocrx_word' id='word_1_162' title='bbox 407 2172 488 2236; x_wconf 90' lang='lat' dir='ltr'>Otto</span> <span class='ocrx_word' id='word_1_163' title='bbox 518 2170 654 2234; x_wconf 88' lang='lat' dir='ltr'>Sieroka</span> <span class='ocrx_word' id='word_1_164' title='bbox 683 2169 803 2232; x_wconf 88' lang='lat' dir='ltr'>collato</span> <span class='ocrx_word' id='word_1_165' title='bbox 834 2173 939 2250; x_wconf 88' lang='lat' dir='ltr'>capite</span> <span class='ocrx_word' id='word_1_166' title='bbox 969 2174 1010 2249; x_wconf 85' lang='lat'>84</span> <span class='ocrx_word' id='word_1_167' title='bbox 1043 2193 1117 2234; x_wconf 86' lang='lat' dir='ltr'>cum</span> <span class='ocrx_word' id='word_1_168' title='bbox 1146 2171 1294 2235; x_wconf 86' lang='lat' dir='ltr'>Partheni</span> <span class='ocrx_word' id='word_1_169' title='bbox 1329 2175 1433 2254; x_wconf 87' lang='lat' dir='ltr'>capite</span> <span class='ocrx_word' id='word_1_170' title='bbox 1463 2189 1503 2253; x_wconf 81' lang='lat'>29</span> 
     </span>
     <span class='ocr_line' id='line_1_19' title="bbox 244 2272 1501 2360; baseline -0.002 -17"><span class='ocrx_word' id='word_1_171' title='bbox 244 2281 438 2355; x_wconf 85' lang='lat' dir='ltr'>ostenderit,</span> <span class='ocrx_word' id='word_1_172' title='bbox 467 2278 627 2358; x_wconf 90' lang='lat' dir='ltr'>sequitur,</span> <span class='ocrx_word' id='word_1_173' title='bbox 658 2294 705 2349; x_wconf 84' lang='lat' dir='ltr'>ea,</span> <span class='ocrx_word' id='word_1_174' title='bbox 731 2295 814 2354; x_wconf 92' lang='lat' dir='ltr'>quae</span> <span class='ocrx_word' id='word_1_175' title='bbox 837 2272 999 2339; x_wconf 90' lang='lat' dir='ltr'>Diodorus</span> <span class='ocrx_word' id='word_1_176' title='bbox 1020 2277 1061 2339; x_wconf 91' lang='lat' dir='ltr'>de</span> <span class='ocrx_word' id='word_1_177' title='bbox 1083 2277 1190 2358; x_wconf 90' lang='lat' dir='ltr'>Eryce</span> <span class='ocrx_word' id='word_1_178' title='bbox 1220 2288 1253 2341; x_wconf 89' lang='lat' dir='ltr'>et</span> <span class='ocrx_word' id='word_1_179' title='bbox 1275 2279 1379 2360; x_wconf 92' lang='lat' dir='ltr'>capite</span> <span class='ocrx_word' id='word_1_180' title='bbox 1404 2280 1443 2357; x_wconf 90' lang='grc'>83</span> <span class='ocrx_word' id='word_1_181' title='bbox 1468 2289 1501 2341; x_wconf 86' lang='grc'>01</span> 
     </span>
     <span class='ocr_line' id='line_1_20' title="bbox 242 2377 1503 2465; baseline 0 -19"><span class='ocrx_word' id='word_1_182' title='bbox 242 2386 350 2465; x_wconf 88' lang='lat' dir='ltr'>capite</span> <span class='ocrx_word' id='word_1_183' title='bbox 378 2400 417 2463; x_wconf 87' lang='lat'>23</span> <span class='ocrx_word' id='word_1_184' title='bbox 449 2391 571 2456; x_wconf 86' lang='lat' dir='ltr'>narrat,</span> <span class='ocrx_word' id='word_1_185' title='bbox 609 2380 719 2441; x_wconf 89' lang='lat' dir='ltr'>itidem</span> <span class='ocrx_word' id='word_1_186' title='bbox 749 2380 846 2440; x_wconf 89' lang='lat' dir='ltr'>etiam</span> <span class='ocrx_word' id='word_1_187' title='bbox 883 2377 973 2440; x_wconf 85' lang='lat' dir='ltr'>Servi</span> <span class='ocrx_word' id='word_1_188' title='bbox 1004 2382 1163 2445; x_wconf 90' lang='lat' dir='ltr'>scholium</span> <span class='ocrx_word' id='word_1_189' title='bbox 1193 2383 1403 2446; x_wconf 90' lang='lat' dir='ltr'>adscribenda</span> <span class='ocrx_word' id='word_1_190' title='bbox 1432 2403 1503 2446; x_wconf 90' lang='lat' dir='ltr'>esse</span> 
     </span>
     <span class='ocr_line' id='line_1_21' title="bbox 245 2488 1439 2567; baseline -0.001 -17"><span class='ocrx_word' id='word_1_191' title='bbox 245 2488 440 2567; x_wconf 69' lang='lat' dir='ltr'>Timaeo4fl).</span> <span class='ocrx_word' id='word_1_192' title='bbox 1434 2553 1439 2567; x_wconf 66' lang='lat'><strong>.</strong></span> 
     </span>
     <span class='ocr_line' id='line_1_22' title="bbox 330 2589 1504 2673; baseline 0.001 -18"><span class='ocrx_word' id='word_1_193' title='bbox 330 2594 405 2655; x_wconf 92' lang='lat' dir='ltr'>Non</span> <span class='ocrx_word' id='word_1_194' title='bbox 432 2612 510 2654; x_wconf 89' lang='lat' dir='ltr'>vero</span> <span class='ocrx_word' id='word_1_195' title='bbox 534 2611 669 2673; x_wconf 89' lang='lat' dir='ltr'>possum</span> <span class='ocrx_word' id='word_1_196' title='bbox 697 2590 894 2651; x_wconf 85' lang='lat' dir='ltr'>narrationes</span> <span class='ocrx_word' id='word_1_197' title='bbox 917 2589 958 2652; x_wconf 89' lang='lat' dir='ltr'>de</span> <span class='ocrx_word' id='word_1_198' title='bbox 981 2590 1128 2654; x_wconf 89' lang='lat' dir='ltr'>Herculis</span> <span class='ocrx_word' id='word_1_199' title='bbox 1151 2603 1184 2654; x_wconf 90' lang='lat' dir='ltr'>et</span> <span class='ocrx_word' id='word_1_200' title='bbox 1205 2593 1317 2672; x_wconf 90' lang='lat' dir='ltr'>Erycis</span> <span class='ocrx_word' id='word_1_201' title='bbox 1340 2612 1450 2673; x_wconf 88' lang='lat' dir='ltr'>pugna</span> <span class='ocrx_word' id='word_1_202' title='bbox 1471 2603 1504 2656; x_wconf 90' lang='lat' dir='ltr'>et</span> 
     </span>
     <span class='ocr_line' id='line_1_23' title="bbox 243 2693 1504 2762; baseline -0.002 0"><span class='ocrx_word' id='word_1_203' title='bbox 243 2701 285 2762; x_wconf 91' lang='lat' dir='ltr'>de</span> <span class='ocrx_word' id='word_1_204' title='bbox 326 2699 447 2760; x_wconf 90' lang='lat' dir='ltr'>Dorieo</span> <span class='ocrx_word' id='word_1_205' title='bbox 485 2696 745 2759; x_wconf 88' lang='lat' dir='ltr'>Lacedaemonio</span> <span class='ocrx_word' id='word_1_206' title='bbox 781 2695 885 2757; x_wconf 92' lang='lat' dir='ltr'>eidem</span> <span class='ocrx_word' id='word_1_207' title='bbox 923 2693 1075 2757; x_wconf 89' lang='lat' dir='ltr'>historico</span> <span class='ocrx_word' id='word_1_208' title='bbox 1112 2717 1176 2759; x_wconf 93' lang='lat' dir='ltr'>non</span> <span class='ocrx_word' id='word_1_209' title='bbox 1212 2697 1360 2760; x_wconf 89' lang='lat' dir='ltr'>tribuere.</span> <span class='ocrx_word' id='word_1_210' title='bbox 1419 2697 1504 2760; x_wconf 89' lang='lat' dir='ltr'>Nam</span> 
     </span>
     <span class='ocr_line' id='line_1_24' title="bbox 245 2799 1504 2886; baseline -0.002 -19"><span class='ocrx_word' id='word_1_211' title='bbox 245 2816 416 2886; x_wconf 88' lang='lat' dir='ltr'>utramque</span> <span class='ocrx_word' id='word_1_212' title='bbox 440 2823 482 2864; x_wconf 89' lang='lat' dir='ltr'>ex</span> <span class='ocrx_word' id='word_1_213' title='bbox 505 2822 568 2864; x_wconf 92' lang='lat' dir='ltr'>uno</span> <span class='ocrx_word' id='word_1_214' title='bbox 592 2801 773 2880; x_wconf 89' lang='lat' dir='ltr'>eodemque</span> <span class='ocrx_word' id='word_1_215' title='bbox 796 2799 885 2862; x_wconf 83' lang='lat' dir='ltr'>sonte</span> <span class='ocrx_word' id='word_1_216' title='bbox 909 2819 1056 2862; x_wconf 87' lang='lat' dir='ltr'>manasse</span> <span class='ocrx_word' id='word_1_217' title='bbox 1084 2802 1126 2863; x_wconf 93' lang='lat' dir='ltr'>ad</span> <span class='ocrx_word' id='word_1_218' title='bbox 1149 2803 1259 2866; x_wconf 89' lang='lat' dir='ltr'>oculos</span> <span class='ocrx_word' id='word_1_219' title='bbox 1282 2803 1504 2865; x_wconf 87' lang='lat' dir='ltr'>demonstrant</span> 
     </span>
     <span class='ocr_line' id='line_1_25' title="bbox 246 2904 1503 2987; baseline -0.003 -16"><span class='ocrx_word' id='word_1_220' title='bbox 246 2909 421 2971; x_wconf 86' lang='lat' dir='ltr'>Pausaniae</span> <span class='ocrx_word' id='word_1_221' title='bbox 445 2908 465 2969; x_wconf 88' lang='lat' dir='ltr'>l.</span> <span class='ocrx_word' id='word_1_222' title='bbox 489 2907 543 2968; x_wconf 88' lang='grc' dir='ltr'><strong>ΙΙΙ.</strong></span> <span class='ocrx_word' id='word_1_223' title='bbox 568 2928 595 2969; x_wconf 92' lang='lat' dir='ltr'>c.</span> <span class='ocrx_word' id='word_1_224' title='bbox 623 2905 703 2983; x_wconf 59' lang='lat'>16}</span> <span class='ocrx_word' id='word_1_225' title='bbox 726 2922 747 2981; x_wconf 88' lang='lat'>4</span> <span class='ocrx_word' id='word_1_226' title='bbox 766 2913 844 2982; x_wconf 85' lang='grc'>015.</span> <span class='ocrx_word' id='word_1_227' title='bbox 890 2904 921 2966; x_wconf 93' lang='lat' dir='ltr'>Is</span> <span class='ocrx_word' id='word_1_228' title='bbox 945 2906 1029 2967; x_wconf 91' lang='lat' dir='ltr'>enim</span> <span class='ocrx_word' id='word_1_229' title='bbox 1052 2905 1092 2966; x_wconf 91' lang='lat' dir='ltr'>de</span> <span class='ocrx_word' id='word_1_230' title='bbox 1114 2906 1235 2968; x_wconf 89' lang='lat' dir='ltr'>Dorieo</span> <span class='ocrx_word' id='word_1_231' title='bbox 1258 2908 1424 2980; x_wconf 76' lang='lat' dir='ltr'>disserens</span> <span class='ocrx_word' id='word_1_232' title='bbox 1450 2909 1503 2987; x_wconf 90' lang='lat' dir='ltr'>qui</span> 
     </span>
     <span class='ocr_line' id='line_1_26' title="bbox 247 2996 1503 3091; baseline -0.002 -15"><span class='ocrx_word' id='word_1_233' title='bbox 247 3013 408 3075; x_wconf 91' lang='lat' dir='ltr'>coloniam</span> <span class='ocrx_word' id='word_1_234' title='bbox 431 3012 462 3072; x_wconf 93' lang='lat' dir='ltr'>in</span> <span class='ocrx_word' id='word_1_235' title='bbox 483 3011 658 3091; x_wconf 88' lang='lat' dir='ltr'>Erycinam</span> <span class='ocrx_word' id='word_1_236' title='bbox 689 2996 854 3090; x_wconf 84' lang='lat' dir='ltr'>regionem</span> <span class='ocrx_word' id='word_1_237' title='bbox 876 3011 1013 3085; x_wconf 86' lang='lat' dir='ltr'>duxerit,</span> <span class='ocrx_word' id='word_1_238' title='bbox 1045 3010 1155 3074; x_wconf 91' lang='lat' dir='ltr'>itidem</span> <span class='ocrx_word' id='word_1_239' title='bbox 1178 3021 1300 3084; x_wconf 87' lang='lat' dir='ltr'>narrat,</span> <span class='ocrx_word' id='word_1_240' title='bbox 1329 3011 1503 3074; x_wconf 90' lang='lat' dir='ltr'>Herculem</span> 
     </span>
     <span class='ocr_line' id='line_1_27' title="bbox 247 3113 1503 3195; baseline 0.002 -17"><span class='ocrx_word' id='word_1_241' title='bbox 247 3137 323 3178; x_wconf 90' lang='lat' dir='ltr'>cum</span> <span class='ocrx_word' id='word_1_242' title='bbox 344 3115 504 3194; x_wconf 90' lang='lat' dir='ltr'>Geryonis</span> <span class='ocrx_word' id='word_1_243' title='bbox 526 3114 631 3175; x_wconf 89' lang='lat' dir='ltr'>bubus</span> <span class='ocrx_word' id='word_1_244' title='bbox 654 3115 685 3176; x_wconf 91' lang='lat' dir='ltr'>in</span> <span class='ocrx_word' id='word_1_245' title='bbox 707 3113 795 3176; x_wconf 93' lang='lat' dir='ltr'>illam</span> <span class='ocrx_word' id='word_1_246' title='bbox 818 3115 982 3194; x_wconf 85' lang='lat' dir='ltr'>regionem</span> <span class='ocrx_word' id='word_1_247' title='bbox 1006 3113 1187 3195; x_wconf 82' lang='lat' dir='ltr'>proiectum</span> <span class='ocrx_word' id='word_1_248' title='bbox 1210 3134 1283 3176; x_wconf 93' lang='lat' dir='ltr'>cum</span> <span class='ocrx_word' id='word_1_249' title='bbox 1305 3115 1411 3195; x_wconf 88' lang='lat' dir='ltr'>Eryce</span> <span class='ocrx_word' id='word_1_250' title='bbox 1433 3137 1503 3180; x_wconf 89' lang='lat' dir='ltr'>esse</span> 
     </span>
    </p>
   </div>
   <div class='ocr_carea' id='block_1_7' title="bbox 251 3291 456 3300">
    <p class='ocr_par' dir='ltr' id='par_1_8' title="bbox 251 3291 456 3300">
     <span class='ocr_line' id='line_1_28' title="bbox 251 3291 456 3300; baseline -0.01 0"><span class='ocrx_word' id='word_1_251' title='bbox 251 3291 456 3300; x_wconf 67' lang='lat'>.—.....----</span> 
     </span>
    </p>
   </div>
   <div class='ocr_carea' id='block_1_8' title="bbox 247 3404 1507 3650">
    <p class='ocr_par' dir='ltr' id='par_1_9' title="bbox 247 3404 1507 3650">
     <span class='ocr_line' id='line_1_29' title="bbox 333 3404 1505 3472; baseline -0.001 -16"><span class='ocrx_word' id='word_1_252' title='bbox 333 3405 371 3472; x_wconf 69' lang='grc'>45)</span> <span class='ocrx_word' id='word_1_253' title='bbox 400 3406 506 3456; x_wconf 80' lang='lat' dir='ltr'>Carolus</span> <span class='ocrx_word' id='word_1_254' title='bbox 518 3404 683 3454; x_wconf 80' lang='lat' dir='ltr'>Miillenhoff:</span> <span class='ocrx_word' id='word_1_255' title='bbox 706 3405 835 3454; x_wconf 90' lang='lat' dir='ltr'>Deutsche</span> <span class='ocrx_word' id='word_1_256' title='bbox 847 3404 1071 3454; x_wconf 82' lang='lat' dir='ltr'>Altertumslrunde</span> <span class='ocrx_word' id='word_1_257' title='bbox 1084 3407 1105 3456; x_wconf 92' lang='lat' dir='ltr'>I.</span> <span class='ocrx_word' id='word_1_258' title='bbox 1118 3422 1143 3470; x_wconf 93' lang='lat' dir='ltr'>p.</span> <span class='ocrx_word' id='word_1_259' title='bbox 1156 3407 1293 3470; x_wconf 84' lang='lat'>433—436</span> <span class='ocrx_word' id='word_1_260' title='bbox 1311 3406 1505 3470; x_wconf 89' lang='lat' dir='ltr'>Lycophronem</span> 
     </span>
     <span class='ocr_line' id='line_1_30' title="bbox 247 3493 1302 3557; baseline -0.003 -10"><span class='ocrx_word' id='word_1_261' title='bbox 247 3499 355 3548; x_wconf 90' lang='lat' dir='ltr'>Timaeo</span> <span class='ocrx_word' id='word_1_262' title='bbox 374 3498 400 3544; x_wconf 95' lang='grc'>111</span> <span class='ocrx_word' id='word_1_263' title='bbox 419 3495 493 3544; x_wconf 89' lang='lat' dir='ltr'>rebus</span> <span class='ocrx_word' id='word_1_264' title='bbox 511 3493 616 3555; x_wconf 84' lang='lat' dir='ltr'>Italicis,</span> <span class='ocrx_word' id='word_1_265' title='bbox 639 3509 690 3542; x_wconf 90' lang='grc'>11011</span> <span class='ocrx_word' id='word_1_266' title='bbox 708 3493 779 3556; x_wconf 87' lang='lat' dir='ltr'>Lyco</span> <span class='ocrx_word' id='word_1_267' title='bbox 796 3499 868 3557; x_wconf 88' lang='lat' dir='ltr'>patre</span> <span class='ocrx_word' id='word_1_268' title='bbox 885 3508 931 3540; x_wconf 92' lang='lat' dir='ltr'>suo</span> <span class='ocrx_word' id='word_1_269' title='bbox 950 3507 1023 3541; x_wconf 91' lang='lat' dir='ltr'>usum</span> <span class='ocrx_word' id='word_1_270' title='bbox 1042 3509 1096 3542; x_wconf 90' lang='lat' dir='ltr'>esse</span> <span class='ocrx_word' id='word_1_271' title='bbox 1114 3494 1302 3544; x_wconf 85' lang='lat' dir='ltr'>demonstravit.</span> 
     </span>
     <span class='ocr_line' id='line_1_31' title="bbox 332 3572 1507 3650; baseline -0.002 -17"><span class='ocrx_word' id='word_1_272' title='bbox 332 3581 369 3650; x_wconf 76' lang='lat'>⁴⁶)</span> <span class='ocrx_word' id='word_1_273' title='bbox 398 3584 515 3633; x_wconf 90' lang='lat' dir='ltr'>Ceterum</span> <span class='ocrx_word' id='word_1_274' title='bbox 532 3589 609 3647; x_wconf 88' lang='lat' dir='ltr'>caput</span> <span class='ocrx_word' id='word_1_275' title='bbox 622 3582 654 3646; x_wconf 84' lang='lat'>83</span> <span class='ocrx_word' id='word_1_276' title='bbox 667 3581 727 3629; x_wconf 90' lang='lat' dir='ltr'>inde</span> <span class='ocrx_word' id='word_1_277' title='bbox 742 3579 852 3629; x_wconf 85' lang='lat' dir='ltr'>averbis</span> <span class='ocrx_word' id='word_1_278' title='bbox 865 3577 882 3644; x_wconf 69' lang='grc' dir='ltr'>ξ</span> <span class='ocrx_word' id='word_1_279' title='bbox 897 3594 926 3628; x_wconf 91' lang='lat'>2:</span> <span class='ocrx_word' id='word_1_280' title='bbox 950 3572 1112 3648; x_wconf 74' lang='grc' dir='ltr'><strong><em>»θαυμάσαι</em></strong></span> <span class='ocrx_word' id='word_1_281' title='bbox 1130 3579 1148 3632; x_wconf 88' lang='lat' dir='ltr'>d</span> <span class='ocrx_word' id='word_1_282' title='bbox 1152 3577 1159 3597; x_wconf 90' lang='lat'>‘</span> <span class='ocrx_word' id='word_1_283' title='bbox 1181 3573 1216 3632; x_wconf 71' lang='lat' dir='ltr'>‹t&#39;v</span> <span class='ocrx_word' id='word_1_284' title='bbox 1228 3599 1270 3640; x_wconf 80' lang='grc' dir='ltr'>τις</span> <span class='ocrx_word' id='word_1_285' title='bbox 1281 3575 1405 3640; x_wconf 67' lang='grc' dir='ltr'>εἰκότως(</span> <span class='ocrx_word' id='word_1_286' title='bbox 1427 3598 1507 3647; x_wconf 89' lang='lat' dir='ltr'>usque</span> 
     </span>
    </p>
   </div>
   <div class='ocr_carea' id='block_1_9' title="bbox 248 3668 1511 4338">
    <p class='ocr_par' dir='ltr' id='par_1_10' title="bbox 248 3668 1511 4338">
     <span class='ocr_line' id='line_1_32' title="bbox 249 3668 1507 3739; baseline -0.003 -17"><span class='ocrx_word' id='word_1_287' title='bbox 249 3676 282 3722; x_wconf 86' lang='lat' dir='ltr'>ad</span> <span class='ocrx_word' id='word_1_288' title='bbox 300 3671 318 3739; x_wconf 58' lang='grc' dir='ltr'>ὅ</span> <span class='ocrx_word' id='word_1_289' title='bbox 333 3685 346 3735; x_wconf 85' lang='grc'><strong>7</strong></span> <span class='ocrx_word' id='word_1_290' title='bbox 365 3674 397 3721; x_wconf 91' lang='lat' dir='ltr'>ab</span> <span class='ocrx_word' id='word_1_291' title='bbox 415 3672 471 3736; x_wconf 92' lang='lat' dir='ltr'>ipso</span> <span class='ocrx_word' id='word_1_292' title='bbox 489 3671 604 3720; x_wconf 90' lang='lat' dir='ltr'>Diodoro</span> <span class='ocrx_word' id='word_1_293' title='bbox 622 3669 739 3718; x_wconf 79' lang='lat' dir='ltr'>additum</span> <span class='ocrx_word' id='word_1_294' title='bbox 757 3678 802 3718; x_wconf 89' lang='lat' dir='ltr'>est.</span> <span class='ocrx_word' id='word_1_295' title='bbox 840 3669 907 3717; x_wconf 88' lang='lat' dir='ltr'>Nam</span> <span class='ocrx_word' id='word_1_296' title='bbox 924 3683 1007 3732; x_wconf 87' lang='lat' dir='ltr'>neque</span> <span class='ocrx_word' id='word_1_297' title='bbox 1026 3668 1144 3716; x_wconf 87' lang='lat' dir='ltr'>Timaeus</span> <span class='ocrx_word' id='word_1_298' title='bbox 1162 3677 1250 3718; x_wconf 91' lang='lat' dir='ltr'>auctor</span> <span class='ocrx_word' id='word_1_299' title='bbox 1266 3685 1319 3719; x_wconf 87' lang='lat' dir='ltr'>esse</span> <span class='ocrx_word' id='word_1_300' title='bbox 1338 3677 1429 3736; x_wconf 83' lang='lat' dir='ltr'>potest,</span> <span class='ocrx_word' id='word_1_301' title='bbox 1450 3687 1507 3719; x_wconf 92' lang='lat' dir='ltr'>eum</span> 
     </span>
     <span class='ocr_line' id='line_1_33' title="bbox 248 3755 1508 3828; baseline -0.003 -18"><span class='ocrx_word' id='word_1_302' title='bbox 248 3760 433 3828; x_wconf 70' lang='lat' dir='ltr'>§4Siciliam</span> <span class='ocrx_word' id='word_1_303' title='bbox 457 3767 536 3809; x_wconf 88' lang='lat' dir='ltr'>totam</span> <span class='ocrx_word' id='word_1_304' title='bbox 560 3757 714 3807; x_wconf 83' lang='lat' dir='ltr'>aRomauis</span> <span class='ocrx_word' id='word_1_305' title='bbox 739 3755 878 3820; x_wconf 81' lang='lat' dir='ltr'>subjectam</span> <span class='ocrx_word' id='word_1_306' title='bbox 903 3772 956 3806; x_wconf 87' lang='lat' dir='ltr'>esse</span> <span class='ocrx_word' id='word_1_307' title='bbox 981 3757 1093 3819; x_wconf 81' lang='lat' dir='ltr'>dicatur,</span> <span class='ocrx_word' id='word_1_308' title='bbox 1119 3764 1144 3806; x_wconf 89' lang='lat' dir='ltr'>et</span> <span class='ocrx_word' id='word_1_309' title='bbox 1166 3758 1245 3807; x_wconf 84' lang='lat' dir='ltr'>oratio</span> <span class='ocrx_word' id='word_1_310' title='bbox 1271 3765 1339 3807; x_wconf 87' lang='lat' dir='ltr'>recta</span> <span class='ocrx_word' id='word_1_311' title='bbox 1361 3757 1508 3821; x_wconf 87' lang='lat' dir='ltr'>scriptorem</span> 
     </span>
     <span class='ocr_line' id='line_1_34' title="bbox 249 3844 1509 3913; baseline -0.002 -17"><span class='ocrx_word' id='word_1_312' title='bbox 249 3850 334 3913; x_wconf 91' lang='lat' dir='ltr'>ipsum</span> <span class='ocrx_word' id='word_1_313' title='bbox 351 3848 423 3912; x_wconf 92' lang='lat' dir='ltr'>loqui</span> <span class='ocrx_word' id='word_1_314' title='bbox 436 3847 554 3896; x_wconf 85' lang='lat' dir='ltr'>ostendit.</span> <span class='ocrx_word' id='word_1_315' title='bbox 583 3847 701 3896; x_wconf 88' lang='lat' dir='ltr'>Ceterum</span> <span class='ocrx_word' id='word_1_316' title='bbox 714 3861 800 3894; x_wconf 86' lang='lat' dir='ltr'>revera</span> <span class='ocrx_word' id='word_1_317' title='bbox 810 3846 940 3894; x_wconf 89' lang='lat' dir='ltr'>Romanos</span> <span class='ocrx_word' id='word_1_318' title='bbox 955 3844 1090 3908; x_wconf 87' lang='lat' dir='ltr'>diligenter</span> <span class='ocrx_word' id='word_1_319' title='bbox 1100 3846 1226 3893; x_wconf 90' lang='lat' dir='ltr'>Venerem</span> <span class='ocrx_word' id='word_1_320' title='bbox 1244 3845 1381 3909; x_wconf 82' lang='lat' dir='ltr'>Erycinam</span> <span class='ocrx_word' id='word_1_321' title='bbox 1402 3844 1509 3893; x_wconf 88' lang='lat' dir='ltr'>coluisse</span> 
     </span>
     <span class='ocr_line' id='line_1_35' title="bbox 250 3931 1507 4000; baseline -0.003 -15"><span class='ocrx_word' id='word_1_322' title='bbox 250 3937 300 3985; x_wconf 90' lang='lat' dir='ltr'>iam</span> <span class='ocrx_word' id='word_1_323' title='bbox 319 3944 416 3985; x_wconf 88' lang='lat' dir='ltr'>constat</span> <span class='ocrx_word' id='word_1_324' title='bbox 435 3935 640 4000; x_wconf 89' lang='lat' dir='ltr'>inscriptionibus</span> <span class='ocrx_word' id='word_1_325' title='bbox 658 3933 749 3982; x_wconf 89' lang='lat' dir='ltr'>votivis</span> <span class='ocrx_word' id='word_1_326' title='bbox 767 3933 794 3981; x_wconf 91' lang='lat' dir='ltr'>in</span> <span class='ocrx_word' id='word_1_327' title='bbox 814 3934 869 3998; x_wconf 92' lang='lat' dir='ltr'>ipso</span> <span class='ocrx_word' id='word_1_328' title='bbox 882 3935 962 3996; x_wconf 86' lang='lat' dir='ltr'>Eryce</span> <span class='ocrx_word' id='word_1_329' title='bbox 978 3941 1065 3982; x_wconf 89' lang='lat' dir='ltr'>monte</span> <span class='ocrx_word' id='word_1_330' title='bbox 1083 3941 1108 3982; x_wconf 91' lang='lat' dir='ltr'>et</span> <span class='ocrx_word' id='word_1_331' title='bbox 1125 3932 1179 3981; x_wconf 88' lang='lat' dir='ltr'>aliis</span> <span class='ocrx_word' id='word_1_332' title='bbox 1197 3933 1259 3982; x_wconf 90' lang='lat' dir='ltr'>locis</span> <span class='ocrx_word' id='word_1_333' title='bbox 1273 3931 1353 3996; x_wconf 86' lang='lat' dir='ltr'>(velut</span> <span class='ocrx_word' id='word_1_334' title='bbox 1366 3931 1507 3998; x_wconf 89' lang='lat' dir='ltr'>Syracusis)</span> 
     </span>
     <span class='ocr_line' id='line_1_36' title="bbox 251 4020 1509 4086; baseline -0.001 -15"><span class='ocrx_word' id='word_1_335' title='bbox 251 4025 367 4073; x_wconf 88' lang='lat' dir='ltr'>inventis.</span> <span class='ocrx_word' id='word_1_336' title='bbox 403 4023 491 4072; x_wconf 90' lang='lat' dir='ltr'>Edidit</span> <span class='ocrx_word' id='word_1_337' title='bbox 509 4039 551 4072; x_wconf 88' lang='lat' dir='ltr'>eas</span> <span class='ocrx_word' id='word_1_338' title='bbox 569 4023 718 4071; x_wconf 87' lang='lat' dir='ltr'>Theodorus</span> <span class='ocrx_word' id='word_1_339' title='bbox 736 4023 879 4071; x_wconf 90' lang='lat' dir='ltr'>Mommsen</span> <span class='ocrx_word' id='word_1_340' title='bbox 898 4021 927 4071; x_wconf 90' lang='lat' dir='ltr'>C.</span> <span class='ocrx_word' id='word_1_341' title='bbox 946 4022 966 4072; x_wconf 93' lang='lat' dir='ltr'>I.</span> <span class='ocrx_word' id='word_1_342' title='bbox 985 4022 1014 4071; x_wconf 94' lang='lat' dir='ltr'>L.</span> <span class='ocrx_word' id='word_1_343' title='bbox 1033 4021 1084 4070; x_wconf 89' lang='lat' dir='ltr'>vol.</span> <span class='ocrx_word' id='word_1_344' title='bbox 1097 4021 1130 4069; x_wconf 89' lang='lat' dir='ltr'>X.</span> <span class='ocrx_word' id='word_1_345' title='bbox 1145 4033 1170 4081; x_wconf 88' lang='lat'>2,</span> <span class='ocrx_word' id='word_1_346' title='bbox 1190 4036 1211 4070; x_wconf 86' lang='lat' dir='ltr'>c.</span> <span class='ocrx_word' id='word_1_347' title='bbox 1224 4020 1310 4070; x_wconf 89' lang='lat' dir='ltr'>XVII.</span> <span class='ocrx_word' id='word_1_348' title='bbox 1325 4038 1351 4086; x_wconf 95' lang='lat' dir='ltr'>p.</span> <span class='ocrx_word' id='word_1_349' title='bbox 1365 4021 1509 4085; x_wconf 85' lang='lat'><strong>746-750.</strong></span> 
     </span>
     <span class='ocr_line' id='line_1_37' title="bbox 250 4107 1509 4174; baseline -0.001 -15"><span class='ocrx_word' id='word_1_350' title='bbox 250 4110 436 4174; x_wconf 89' lang='lat' dir='ltr'>Coniungenda</span> <span class='ocrx_word' id='word_1_351' title='bbox 449 4119 486 4160; x_wconf 91' lang='lat' dir='ltr'>est</span> <span class='ocrx_word' id='word_1_352' title='bbox 499 4127 556 4160; x_wconf 92' lang='lat' dir='ltr'>cum</span> <span class='ocrx_word' id='word_1_353' title='bbox 569 4110 686 4159; x_wconf 87' lang='lat' dir='ltr'>Partheni</span> <span class='ocrx_word' id='word_1_354' title='bbox 701 4117 726 4158; x_wconf 92' lang='lat' dir='ltr'>et</span> <span class='ocrx_word' id='word_1_355' title='bbox 739 4109 848 4159; x_wconf 91' lang='lat' dir='ltr'>Diodori</span> <span class='ocrx_word' id='word_1_356' title='bbox 862 4110 893 4158; x_wconf 91' lang='lat' dir='ltr'>de</span> <span class='ocrx_word' id='word_1_357' title='bbox 905 4109 1043 4173; x_wconf 90' lang='lat' dir='ltr'>Daphnide</span> <span class='ocrx_word' id='word_1_358' title='bbox 1058 4107 1242 4157; x_wconf 85' lang='lat' dir='ltr'>narrationibus</span> <span class='ocrx_word' id='word_1_359' title='bbox 1261 4115 1286 4156; x_wconf 91' lang='lat' dir='ltr'>et</span> <span class='ocrx_word' id='word_1_360' title='bbox 1303 4109 1390 4158; x_wconf 91' lang='lat' dir='ltr'>itidem</span> <span class='ocrx_word' id='word_1_361' title='bbox 1403 4109 1509 4158; x_wconf 85' lang='lat' dir='ltr'>Timaeo</span> 
     </span>
     <span class='ocr_line' id='line_1_38' title="bbox 251 4196 1511 4262; baseline -0.001 -14"><span class='ocrx_word' id='word_1_362' title='bbox 251 4199 412 4248; x_wconf 81' lang='lat' dir='ltr'>attribuenda</span> <span class='ocrx_word' id='word_1_363' title='bbox 430 4199 531 4248; x_wconf 85' lang='lat' dir='ltr'>Aeliani</span> <span class='ocrx_word' id='word_1_364' title='bbox 555 4215 606 4248; x_wconf 82' lang='lat' dir='ltr'>var.</span> <span class='ocrx_word' id='word_1_365' title='bbox 628 4198 687 4247; x_wconf 90' lang='lat' dir='ltr'>hist.</span> <span class='ocrx_word' id='word_1_366' title='bbox 719 4199 753 4248; x_wconf 88' lang='lat' dir='ltr'>X.</span> <span class='ocrx_word' id='word_1_367' title='bbox 774 4198 818 4257; x_wconf 86' lang='lat'>18,</span> <span class='ocrx_word' id='word_1_368' title='bbox 846 4197 889 4247; x_wconf 89' lang='lat' dir='ltr'>ubi</span> <span class='ocrx_word' id='word_1_369' title='bbox 914 4197 1083 4247; x_wconf 86' lang='lat' dir='ltr'>Stesichorum</span> <span class='ocrx_word' id='word_1_370' title='bbox 1107 4197 1251 4246; x_wconf 89' lang='lat' dir='ltr'>bucolicam</span> <span class='ocrx_word' id='word_1_371' title='bbox 1274 4196 1363 4260; x_wconf 85' lang='lat' dir='ltr'>poesin</span> <span class='ocrx_word' id='word_1_372' title='bbox 1386 4198 1511 4262; x_wconf 90' lang='lat' dir='ltr'>incepisse</span> 
     </span>
     <span class='ocr_line' id='line_1_39' title="bbox 250 4288 394 4338; baseline -0.007 -1"><span class='ocrx_word' id='word_1_373' title='bbox 250 4288 394 4338; x_wconf 84' lang='lat' dir='ltr'>adnotatur.</span> 
     </span>
    </p>
   </div>
   <div class='ocr_carea' id='block_1_10' title="bbox 1269 4367 1305 4434">
    <p class='ocr_par' dir='ltr' id='par_1_11' title="bbox 1269 4367 1305 4434">
     <span class='ocr_line' id='line_1_40' title="bbox 1269 4367 1305 4434; baseline 0 -38"><span class='ocrx_word' id='word_1_374' title='bbox 1269 4367 1305 4434; x_wconf 63' lang='lat'>3}</span> 
     </span>
    </p>
   </div>
   <div class='ocr_carea' id='block_1_11' title="bbox 0 0 1756 5030">
    <p class='ocr_par' dir='ltr' id='par_1_12' title="bbox 0 0 1756 5030">
     <span class='ocr_line' id='line_1_41' title="bbox 0 0 1756 5030; baseline 0 0"><span class='ocrx_word' id='word_1_375' title='bbox 0 0 1756 5030; x_wconf 95' lang='lat' dir='ltr'> </span> 
     </span>
    </p>
   </div>
  </div>
 </body>
</html>
