<?xml version="1.0" encoding="UTF-8"?>
<!DOCTYPE html PUBLIC "-//W3C//DTD XHTML 1.0 Transitional//EN"
    "http://www.w3.org/TR/xhtml1/DTD/xhtml1-transitional.dtd">
<html xmlns="http://www.w3.org/1999/xhtml" xml:lang="en" lang="en">
 <head>
  <title>
</title>
<meta http-equiv="Content-Type" content="text/html;charset=utf-8" />
  <meta name='ocr-system' content='tesseract 3.04.00' />
  <meta name='ocr-capabilities' content='ocr_page ocr_carea ocr_par ocr_line ocrx_word'/>
</head>
<body>
  <div class='ocr_page' id='page_1' title='image "./quaestionesdiod01bethgoog_0096.png"; bbox 0 0 3438 5028; ppageno 0'>
   <div class='ocr_carea' id='block_1_1' title="bbox 765 382 977 444">
    <p class='ocr_par' dir='ltr' id='par_1_1' title="bbox 765 382 977 444">
     <span class='ocr_line' id='line_1_1' title="bbox 765 382 977 444; baseline 0 -34"><span class='ocrx_word' id='word_1_1' title='bbox 765 382 977 444; x_wconf 65' lang='lat'>..91-</span> 
     </span>
    </p>
   </div>
   <div class='ocr_carea' id='block_1_2' title="bbox 245 529 1514 2819">
    <p class='ocr_par' dir='ltr' id='par_1_2' title="bbox 245 529 1504 824">
     <span class='ocr_line' id='line_1_2' title="bbox 246 529 1504 616; baseline 0.003 -24"><span class='ocrx_word' id='word_1_2' title='bbox 246 529 401 609; x_wconf 83' lang='lat' dir='ltr'>sortasse,</span> <span class='ocrx_word' id='word_1_3' title='bbox 432 552 530 612; x_wconf 89' lang='lat' dir='ltr'>quam</span> <span class='ocrx_word' id='word_1_4' title='bbox 560 532 622 595; x_wconf 94' lang='lat' dir='ltr'>hoc</span> <span class='ocrx_word' id='word_1_5' title='bbox 660 532 733 594; x_wconf 94' lang='lat' dir='ltr'>loco</span> <span class='ocrx_word' id='word_1_6' title='bbox 767 543 879 613; x_wconf 89' lang='lat' dir='ltr'>aptum</span> <span class='ocrx_word' id='word_1_7' title='bbox 909 535 1069 606; x_wconf 88' lang='lat' dir='ltr'>videatur,</span> <span class='ocrx_word' id='word_1_8' title='bbox 1104 536 1266 598; x_wconf 84' lang='lat' dir='ltr'>disseram.</span> <span class='ocrx_word' id='word_1_9' title='bbox 1319 534 1504 616; x_wconf 84' lang='lat' dir='ltr'>Aggrediar</span> 
     </span>
     <span class='ocr_line' id='line_1_3' title="bbox 245 637 1503 720; baseline 0.002 -23"><span class='ocrx_word' id='word_1_10' title='bbox 245 645 353 698; x_wconf 88' lang='lat' dir='ltr'>autem</span> <span class='ocrx_word' id='word_1_11' title='bbox 375 637 579 717; x_wconf 90' lang='lat' dir='ltr'>potissimum</span> <span class='ocrx_word' id='word_1_12' title='bbox 596 637 784 699; x_wconf 89' lang='lat' dir='ltr'>Eduardum</span> <span class='ocrx_word' id='word_1_13' title='bbox 808 637 981 715; x_wconf 85' lang='lat' dir='ltr'>Schwartz,</span> <span class='ocrx_word' id='word_1_14' title='bbox 1005 641 1124 720; x_wconf 89' lang='lat' dir='ltr'>quippe</span> <span class='ocrx_word' id='word_1_15' title='bbox 1148 641 1201 720; x_wconf 90' lang='lat' dir='ltr'>qui</span> <span class='ocrx_word' id='word_1_16' title='bbox 1224 641 1351 702; x_wconf 92' lang='lat' dir='ltr'>uberius</span> <span class='ocrx_word' id='word_1_17' title='bbox 1367 649 1399 701; x_wconf 92' lang='lat' dir='ltr'>et</span> <span class='ocrx_word' id='word_1_18' title='bbox 1414 660 1503 702; x_wconf 90' lang='lat' dir='ltr'>accu-</span> 
     </span>
     <span class='ocr_line' id='line_1_4' title="bbox 246 742 780 824; baseline 0.009 -22"><span class='ocrx_word' id='word_1_19' title='bbox 246 742 344 802; x_wconf 86' lang='lat' dir='ltr'><strong>ratius</strong></span> <span class='ocrx_word' id='word_1_20' title='bbox 367 743 557 804; x_wconf 84' lang='lat' dir='ltr'>sententiam</span> <span class='ocrx_word' id='word_1_21' title='bbox 584 743 780 824; x_wconf 85' lang='lat' dir='ltr'>exposuerit.</span> 
     </span>
    </p>

    <p class='ocr_par' dir='ltr' id='par_1_3' title="bbox 248 847 1514 2819">
     <span class='ocr_line' id='line_1_5' title="bbox 331 847 1504 930; baseline 0.004 -23"><span class='ocrx_word' id='word_1_22' title='bbox 331 847 507 925; x_wconf 89' lang='lat' dir='ltr'>Postquam</span> <span class='ocrx_word' id='word_1_23' title='bbox 530 847 615 909; x_wconf 92' lang='lat' dir='ltr'>enim</span> <span class='ocrx_word' id='word_1_24' title='bbox 645 847 704 910; x_wconf 87' lang='lat' dir='ltr'>sibi</span> <span class='ocrx_word' id='word_1_25' title='bbox 727 851 885 928; x_wconf 84' lang='lat' dir='ltr'>persuasit</span> <span class='ocrx_word' id='word_1_26' title='bbox 909 849 951 930; x_wconf 91' lang='lat' dir='ltr'>(p.</span> <span class='ocrx_word' id='word_1_27' title='bbox 974 849 1023 928; x_wconf 93' lang='lat'>4),</span> <span class='ocrx_word' id='word_1_28' title='bbox 1053 868 1156 929; x_wconf 91' lang='lat' dir='ltr'>paene</span> <span class='ocrx_word' id='word_1_29' title='bbox 1187 850 1294 911; x_wconf 90' lang='lat' dir='ltr'>omnia</span> <span class='ocrx_word' id='word_1_30' title='bbox 1322 849 1443 912; x_wconf 88' lang='lat' dir='ltr'>scholia</span> <span class='ocrx_word' id='word_1_31' title='bbox 1464 851 1504 912; x_wconf 89' lang='lat' dir='ltr'>ad</span> 
     </span>
     <span class='ocr_line' id='line_1_6' title="bbox 249 951 1505 1034; baseline 0 -22"><span class='ocrx_word' id='word_1_32' title='bbox 249 951 461 1034; x_wconf 89' lang='lat' dir='ltr'>Apollonium</span> <span class='ocrx_word' id='word_1_33' title='bbox 484 955 527 1032; x_wconf 90' lang='lat' dir='ltr'>(p.</span> <span class='ocrx_word' id='word_1_34' title='bbox 556 969 589 1013; x_wconf 88' lang='lat'>11</span> <span class='ocrx_word' id='word_1_35' title='bbox 616 962 648 1014; x_wconf 93' lang='lat' dir='ltr'>et</span> <span class='ocrx_word' id='word_1_36' title='bbox 673 969 707 1030; x_wconf 85' lang='lat'>31</span> <span class='ocrx_word' id='word_1_37' title='bbox 734 954 804 1034; x_wconf 87' lang='lat' dir='ltr'>sq),</span> <span class='ocrx_word' id='word_1_38' title='bbox 835 954 987 1016; x_wconf 89' lang='lat' dir='ltr'>nonnulla</span> <span class='ocrx_word' id='word_1_39' title='bbox 1009 954 1049 1015; x_wconf 91' lang='lat' dir='ltr'>ad</span> <span class='ocrx_word' id='word_1_40' title='bbox 1072 954 1197 1016; x_wconf 89' lang='lat' dir='ltr'>Pindari</span> <span class='ocrx_word' id='word_1_41' title='bbox 1220 974 1316 1016; x_wconf 87' lang='lat' dir='ltr'>carm.</span> <span class='ocrx_word' id='word_1_42' title='bbox 1340 951 1433 1032; x_wconf 90' lang='lat' dir='ltr'>Pyth.</span> <span class='ocrx_word' id='word_1_43' title='bbox 1456 951 1505 1012; x_wconf 88' lang='lat' dir='ltr'>IV</span> 
     </span>
     <span class='ocr_line' id='line_1_7' title="bbox 248 1056 1504 1141; baseline -0.003 -20"><span class='ocrx_word' id='word_1_44' title='bbox 248 1066 280 1121; x_wconf 89' lang='lat' dir='ltr'>et</span> <span class='ocrx_word' id='word_1_45' title='bbox 302 1058 343 1118; x_wconf 87' lang='lat' dir='ltr'>ad</span> <span class='ocrx_word' id='word_1_46' title='bbox 365 1057 526 1139; x_wconf 89' lang='lat' dir='ltr'>Euripidis</span> <span class='ocrx_word' id='word_1_47' title='bbox 543 1056 691 1120; x_wconf 87' lang='lat' dir='ltr'>Medeam</span> <span class='ocrx_word' id='word_1_48' title='bbox 715 1059 875 1141; x_wconf 89' lang='lat' dir='ltr'>descripta</span> <span class='ocrx_word' id='word_1_49' title='bbox 898 1079 968 1121; x_wconf 91' lang='lat' dir='ltr'>esse</span> <span class='ocrx_word' id='word_1_50' title='bbox 991 1079 1008 1120; x_wconf 94' lang='lat' dir='ltr'>e</span> <span class='ocrx_word' id='word_1_51' title='bbox 1031 1059 1190 1138; x_wconf 92' lang='lat' dir='ltr'>Dionysio</span> <span class='ocrx_word' id='word_1_52' title='bbox 1218 1056 1504 1138; x_wconf 88' lang='lat' dir='ltr'>Scytobrachione‚</span> 
     </span>
     <span class='ocr_line' id='line_1_8' title="bbox 248 1162 1507 1243; baseline 0 -21"><span class='ocrx_word' id='word_1_53' title='bbox 248 1182 280 1242; x_wconf 90' lang='lat' dir='ltr'>p.</span> <span class='ocrx_word' id='word_1_54' title='bbox 302 1178 340 1240; x_wconf 89' lang='grc' dir='ltr'>3ο</span> <span class='ocrx_word' id='word_1_55' title='bbox 360 1163 537 1241; x_wconf 77' lang='lat' dir='ltr'>inquirenS,</span> <span class='ocrx_word' id='word_1_56' title='bbox 571 1164 641 1243; x_wconf 92' lang='lat' dir='ltr'>quis</span> <span class='ocrx_word' id='word_1_57' title='bbox 664 1172 787 1225; x_wconf 86' lang='lat' dir='ltr'>tantam</span> <span class='ocrx_word' id='word_1_58' title='bbox 811 1165 893 1226; x_wconf 89' lang='lat' dir='ltr'>hanc</span> <span class='ocrx_word' id='word_1_59' title='bbox 915 1165 1078 1226; x_wconf 88' lang='lat' dir='ltr'>doctrinae</span> <span class='ocrx_word' id='word_1_60' title='bbox 1109 1165 1229 1226; x_wconf 92' lang='lat' dir='ltr'>molem</span> <span class='ocrx_word' id='word_1_61' title='bbox 1255 1185 1297 1226; x_wconf 90' lang='lat' dir='ltr'>ex</span> <span class='ocrx_word' id='word_1_62' title='bbox 1321 1164 1402 1225; x_wconf 89' lang='lat' dir='ltr'>illius</span> <span class='ocrx_word' id='word_1_63' title='bbox 1424 1162 1507 1224; x_wconf 92' lang='lat' dir='ltr'>libro</span> 
     </span>
     <span class='ocr_line' id='line_1_9' title="bbox 248 1247 1508 1349; baseline 0 -21"><span class='ocrx_word' id='word_1_64' title='bbox 248 1267 288 1328; x_wconf 90' lang='lat' dir='ltr'>de</span> <span class='ocrx_word' id='word_1_65' title='bbox 310 1266 539 1347; x_wconf 84' lang='lat' dir='ltr'>Argonauticis</span> <span class='ocrx_word' id='word_1_66' title='bbox 571 1267 602 1332; x_wconf 89' lang='lat' dir='ltr'>in</span> <span class='ocrx_word' id='word_1_67' title='bbox 635 1266 743 1330; x_wconf 89' lang='lat' dir='ltr'>Rbodi</span> <span class='ocrx_word' id='word_1_68' title='bbox 774 1278 892 1349; x_wconf 91' lang='lat' dir='ltr'>poetae</span> <span class='ocrx_word' id='word_1_69' title='bbox 921 1269 1170 1331; x_wconf 87' lang='lat' dir='ltr'>commentarios</span> <span class='ocrx_word' id='word_1_70' title='bbox 1189 1247 1431 1342; x_wconf 51' lang='lat' dir='ltr'>&#39;transduxerib</span> <span class='ocrx_word' id='word_1_71' title='bbox 1464 1289 1508 1329; x_wconf 86' lang='lat' dir='ltr'>ex</span> 
     </span>
     <span class='ocr_line' id='line_1_10' title="bbox 249 1371 1507 1456; baseline 0 -23"><span class='ocrx_word' id='word_1_72' title='bbox 249 1392 304 1445; x_wconf 92' lang='lat' dir='ltr'>eo,</span> <span class='ocrx_word' id='word_1_73' title='bbox 338 1373 425 1451; x_wconf 92' lang='lat' dir='ltr'>quod</span> <span class='ocrx_word' id='word_1_74' title='bbox 452 1372 483 1432; x_wconf 95' lang='lat' dir='ltr'>in</span> <span class='ocrx_word' id='word_1_75' title='bbox 506 1371 605 1434; x_wconf 89' lang='lat' dir='ltr'>schol.</span> <span class='ocrx_word' id='word_1_76' title='bbox 630 1372 696 1454; x_wconf 90' lang='lat' dir='ltr'>Ap.</span> <span class='ocrx_word' id='word_1_77' title='bbox 720 1373 782 1435; x_wconf 93' lang='lat' dir='ltr'>Rh.</span> <span class='ocrx_word' id='word_1_78' title='bbox 808 1374 831 1435; x_wconf 91' lang='grc' dir='ltr'>Ι.</span> <span class='ocrx_word' id='word_1_79' title='bbox 863 1389 985 1453; x_wconf 84' lang='lat' dir='ltr'>1039a</span> <span class='ocrx_word' id='word_1_80' title='bbox 1013 1373 1175 1456; x_wconf 86' lang='lat' dir='ltr'>Sophocle</span> <span class='ocrx_word' id='word_1_81' title='bbox 1198 1373 1410 1454; x_wconf 83' lang='lat' dir='ltr'>grammatico</span> <span class='ocrx_word' id='word_1_82' title='bbox 1434 1371 1507 1433; x_wconf 92' lang='lat' dir='ltr'>Dei-</span> 
     </span>
     <span class='ocr_line' id='line_1_11' title="bbox 249 1476 1508 1558; baseline -0.001 -21"><span class='ocrx_word' id='word_1_83' title='bbox 249 1476 361 1538; x_wconf 91' lang='lat' dir='ltr'>lochus</span> <span class='ocrx_word' id='word_1_84' title='bbox 391 1477 523 1555; x_wconf 87' lang='lat' dir='ltr'>quidam</span> <span class='ocrx_word' id='word_1_85' title='bbox 550 1476 696 1550; x_wconf 89' lang='lat' dir='ltr'>affertur,</span> <span class='ocrx_word' id='word_1_86' title='bbox 728 1499 794 1558; x_wconf 93' lang='lat' dir='ltr'>quo</span> <span class='ocrx_word' id='word_1_87' title='bbox 818 1477 1130 1558; x_wconf 89' lang='lat' dir='ltr'>Scytobrachionem</span> <span class='ocrx_word' id='word_1_88' title='bbox 1153 1500 1246 1540; x_wconf 90' lang='lat' dir='ltr'>usum</span> <span class='ocrx_word' id='word_1_89' title='bbox 1277 1499 1348 1540; x_wconf 88' lang='lat' dir='ltr'>esse</span> <span class='ocrx_word' id='word_1_90' title='bbox 1373 1476 1508 1539; x_wconf 86' lang='lat' dir='ltr'>traditur</span> 
     </span>
     <span class='ocr_line' id='line_1_12' title="bbox 250 1567 1508 1664; baseline 0 -22"><span class='ocrx_word' id='word_1_91' title='bbox 250 1581 379 1661; x_wconf 91' lang='lat' dir='ltr'>quidem</span> <span class='ocrx_word' id='word_1_92' title='bbox 404 1601 579 1660; x_wconf 85' lang='lat' dir='ltr'>nusquam,</span> <span class='ocrx_word' id='word_1_93' title='bbox 604 1583 661 1644; x_wconf 92' lang='lat' dir='ltr'>sed</span> <span class='ocrx_word' id='word_1_94' title='bbox 683 1603 726 1644; x_wconf 89' lang='lat' dir='ltr'>ex</span> <span class='ocrx_word' id='word_1_95' title='bbox 748 1592 906 1646; x_wconf 90' lang='lat' dir='ltr'>concentu</span> <span class='ocrx_word' id='word_1_96' title='bbox 932 1583 1031 1645; x_wconf 92' lang='lat' dir='ltr'>schol.</span> <span class='ocrx_word' id='word_1_97' title='bbox 1056 1583 1122 1664; x_wconf 95' lang='lat' dir='ltr'>Ap.</span> <span class='ocrx_word' id='word_1_98' title='bbox 1146 1583 1207 1646; x_wconf 90' lang='lat' dir='ltr'>Rh.</span> <span class='ocrx_word' id='word_1_99' title='bbox 1231 1583 1255 1650; x_wconf 94' lang='lat' dir='ltr'>I.</span> <span class='ocrx_word' id='word_1_100' title='bbox 1281 1598 1361 1662; x_wconf 88' lang='lat'>1039</span> <span class='ocrx_word' id='word_1_101' title='bbox 1386 1593 1419 1643; x_wconf 91' lang='lat' dir='ltr'>et</span> <span class='ocrx_word' id='word_1_102' title='bbox 1441 1567 1508 1643; x_wconf 90' lang='lat' dir='ltr'>Pin-</span> 
     </span>
     <span class='ocr_line' id='line_1_13' title="bbox 250 1686 1507 1770; baseline 0 -22"><span class='ocrx_word' id='word_1_103' title='bbox 250 1687 316 1748; x_wconf 88' lang='lat' dir='ltr'>dari</span> <span class='ocrx_word' id='word_1_104' title='bbox 345 1686 440 1766; x_wconf 92' lang='lat' dir='ltr'>Pyth.</span> <span class='ocrx_word' id='word_1_105' title='bbox 468 1687 526 1753; x_wconf 85' lang='lat' dir='ltr'>IV.</span> <span class='ocrx_word' id='word_1_106' title='bbox 559 1703 617 1768; x_wconf 83' lang='grc'>337</span> <span class='ocrx_word' id='word_1_107' title='bbox 642 1689 797 1768; x_wconf 82' lang='lat' dir='ltr'>adparere</span> <span class='ocrx_word' id='word_1_108' title='bbox 828 1698 935 1769; x_wconf 94' lang='lat' dir='ltr'>putat,</span> <span class='ocrx_word' id='word_1_109' title='bbox 971 1688 1143 1763; x_wconf 91' lang='lat' dir='ltr'>conclusit,</span> <span class='ocrx_word' id='word_1_110' title='bbox 1177 1687 1374 1770; x_wconf 89' lang='lat' dir='ltr'>Sophoclem</span> <span class='ocrx_word' id='word_1_111' title='bbox 1409 1687 1507 1760; x_wconf 90' lang='lat' dir='ltr'>illum,</span> 
     </span>
     <span class='ocr_line' id='line_1_14' title="bbox 252 1792 1509 1876; baseline 0.001 -24"><span class='ocrx_word' id='word_1_112' title='bbox 252 1811 348 1872; x_wconf 92' lang='lat' dir='ltr'>quem</span> <span class='ocrx_word' id='word_1_113' title='bbox 372 1793 453 1853; x_wconf 90' lang='lat' dir='ltr'>inter</span> <span class='ocrx_word' id='word_1_114' title='bbox 469 1792 626 1873; x_wconf 88' lang='lat' dir='ltr'>Apolloni</span> <span class='ocrx_word' id='word_1_115' title='bbox 646 1793 836 1855; x_wconf 92' lang='lat' dir='ltr'>scholiastas</span> <span class='ocrx_word' id='word_1_116' title='bbox 862 1794 1053 1876; x_wconf 89' lang='lat' dir='ltr'>subscriptio</span> <span class='ocrx_word' id='word_1_117' title='bbox 1076 1795 1229 1868; x_wconf 90' lang='lat' dir='ltr'>nominat,</span> <span class='ocrx_word' id='word_1_118' title='bbox 1246 1794 1383 1873; x_wconf 90' lang='lat' dir='ltr'>Dionysi</span> <span class='ocrx_word' id='word_1_119' title='bbox 1399 1792 1509 1873; x_wconf 89' lang='lat' dir='ltr'>copias</span> 
     </span>
     <span class='ocr_line' id='line_1_15' title="bbox 252 1896 1511 1980; baseline -0.001 -22"><span class='ocrx_word' id='word_1_120' title='bbox 252 1898 283 1958; x_wconf 91' lang='lat' dir='ltr'>in</span> <span class='ocrx_word' id='word_1_121' title='bbox 315 1899 581 1960; x_wconf 90' lang='lat' dir='ltr'>commentarium</span> <span class='ocrx_word' id='word_1_122' title='bbox 613 1899 876 1980; x_wconf 91' lang='lat' dir='ltr'>transscripsisse.</span> <span class='ocrx_word' id='word_1_123' title='bbox 921 1896 1017 1978; x_wconf 84' lang='lat' dir='ltr'>Quod</span> <span class='ocrx_word' id='word_1_124' title='bbox 1044 1901 1076 1966; x_wconf 70' lang='lat' dir='ltr'>,si</span> <span class='ocrx_word' id='word_1_125' title='bbox 1105 1920 1217 1961; x_wconf 92' lang='lat' dir='ltr'>verum</span> <span class='ocrx_word' id='word_1_126' title='bbox 1252 1908 1338 1961; x_wconf 92' lang='lat' dir='ltr'>esset</span> <span class='ocrx_word' id='word_1_127' title='bbox 1366 1935 1408 1944; x_wconf 83' lang='lat'><em>-</em></span> <span class='ocrx_word' id='word_1_128' title='bbox 1436 1917 1511 1958; x_wconf 89' lang='lat' dir='ltr'>nam</span> 
     </span>
     <span class='ocr_line' id='line_1_16' title="bbox 253 2001 1510 2086; baseline -0.003 -21"><span class='ocrx_word' id='word_1_129' title='bbox 253 2005 492 2066; x_wconf 88' lang='lat' dir='ltr'>demonstrasse</span> <span class='ocrx_word' id='word_1_130' title='bbox 523 2005 554 2074; x_wconf 90' lang='lat' dir='ltr'>id</span> <span class='ocrx_word' id='word_1_131' title='bbox 584 2005 771 2067; x_wconf 89' lang='lat' dir='ltr'>Eduardum</span> <span class='ocrx_word' id='word_1_132' title='bbox 802 2001 965 2065; x_wconf 87' lang='lat' dir='ltr'>Schwartz</span> <span class='ocrx_word' id='word_1_133' title='bbox 995 2025 1091 2066; x_wconf 91' lang='lat' dir='ltr'>nemo</span> <span class='ocrx_word' id='word_1_134' title='bbox 1119 2014 1210 2086; x_wconf 92' lang='lat' dir='ltr'>putet</span> <span class='ocrx_word' id='word_1_135' title='bbox 1234 2011 1423 2075; x_wconf 81' lang='lat' dir='ltr'>-auctor,</span> <span class='ocrx_word' id='word_1_136' title='bbox 1456 2003 1510 2082; x_wconf 94' lang='lat' dir='ltr'>qui</span> 
     </span>
     <span class='ocr_line' id='line_1_17' title="bbox 253 2106 1511 2190; baseline -0.003 -20"><span class='ocrx_word' id='word_1_137' title='bbox 253 2109 545 2190; x_wconf 83' lang='lat' dir='ltr'>Argonauticarum</span> <span class='ocrx_word' id='word_1_138' title='bbox 576 2109 755 2173; x_wconf 90' lang='lat' dir='ltr'>fabularum</span> <span class='ocrx_word' id='word_1_139' title='bbox 785 2112 956 2172; x_wconf 85' lang='lat' dir='ltr'>varietates</span> <span class='ocrx_word' id='word_1_140' title='bbox 987 2111 1082 2172; x_wconf 92' lang='lat' dir='ltr'>docte</span> <span class='ocrx_word' id='word_1_141' title='bbox 1112 2109 1258 2190; x_wconf 85' lang='lat' dir='ltr'>collegit,</span> <span class='ocrx_word' id='word_1_142' title='bbox 1290 2109 1349 2170; x_wconf 92' lang='lat' dir='ltr'>illis</span> <span class='ocrx_word' id='word_1_143' title='bbox 1382 2106 1511 2169; x_wconf 90' lang='lat' dir='ltr'>scholiis</span> 
     </span>
     <span class='ocr_line' id='line_1_18' title="bbox 254 2213 1511 2296; baseline -0.002 -22"><span class='ocrx_word' id='word_1_144' title='bbox 254 2215 298 2275; x_wconf 92' lang='lat' dir='ltr'>uti</span> <span class='ocrx_word' id='word_1_145' title='bbox 322 2233 386 2274; x_wconf 92' lang='lat' dir='ltr'>non</span> <span class='ocrx_word' id='word_1_146' title='bbox 408 2217 528 2294; x_wconf 88' lang='lat' dir='ltr'>potuit:</span> <span class='ocrx_word' id='word_1_147' title='bbox 552 2215 636 2278; x_wconf 93' lang='lat' dir='ltr'>hunc</span> <span class='ocrx_word' id='word_1_148' title='bbox 659 2217 744 2277; x_wconf 90' lang='lat' dir='ltr'>enim</span> <span class='ocrx_word' id='word_1_149' title='bbox 766 2216 870 2296; x_wconf 92' lang='lat' dir='ltr'>primo</span> <span class='ocrx_word' id='word_1_150' title='bbox 894 2236 922 2276; x_wconf 89' lang='lat' dir='ltr'>a.</span> <span class='ocrx_word' id='word_1_151' title='bbox 940 2213 1013 2276; x_wconf 87' lang='lat' dir='ltr'>Chr.</span> <span class='ocrx_word' id='word_1_152' title='bbox 1037 2235 1066 2276; x_wconf 91' lang='lat' dir='ltr'>n.</span> <span class='ocrx_word' id='word_1_153' title='bbox 1091 2214 1220 2276; x_wconf 86' lang='lat' dir='ltr'>saeculo</span> <span class='ocrx_word' id='word_1_154' title='bbox 1244 2215 1364 2276; x_wconf 88' lang='lat' dir='ltr'>vixisse</span> <span class='ocrx_word' id='word_1_155' title='bbox 1378 2214 1511 2274; x_wconf 90' lang='lat' dir='ltr'>demon-</span> 
     </span>
     <span class='ocr_line' id='line_1_19' title="bbox 254 2319 1512 2400; baseline -0.005 -18"><span class='ocrx_word' id='word_1_156' title='bbox 254 2321 440 2392; x_wconf 86' lang='lat' dir='ltr'>stravimus,</span> <span class='ocrx_word' id='word_1_157' title='bbox 472 2319 524 2380; x_wconf 90' lang='lat' dir='ltr'>ille</span> <span class='ocrx_word' id='word_1_158' title='bbox 554 2330 662 2382; x_wconf 89' lang='lat' dir='ltr'>autem</span> <span class='ocrx_word' id='word_1_159' title='bbox 686 2319 883 2400; x_wconf 87' lang='lat' dir='ltr'>Sophocles,</span> <span class='ocrx_word' id='word_1_160' title='bbox 915 2340 989 2382; x_wconf 93' lang='lat' dir='ltr'>cum</span> <span class='ocrx_word' id='word_1_161' title='bbox 1012 2329 1124 2381; x_wconf 91' lang='lat' dir='ltr'>contra</span> <span class='ocrx_word' id='word_1_162' title='bbox 1146 2319 1329 2392; x_wconf 84' lang='lat' dir='ltr'>irenaeum,</span> <span class='ocrx_word' id='word_1_163' title='bbox 1361 2319 1414 2397; x_wconf 95' lang='lat' dir='ltr'>qui</span> <span class='ocrx_word' id='word_1_164' title='bbox 1437 2324 1512 2397; x_wconf 89' lang='lat' dir='ltr'>post</span> 
     </span>
     <span class='ocr_line' id='line_1_20' title="bbox 255 2423 1512 2505; baseline -0.005 -17"><span class='ocrx_word' id='word_1_165' title='bbox 255 2425 403 2488; x_wconf 88' lang='lat' dir='ltr'>Caesium</span> <span class='ocrx_word' id='word_1_166' title='bbox 427 2423 562 2485; x_wconf 90' lang='lat' dir='ltr'>Bassum</span> <span class='ocrx_word' id='word_1_167' title='bbox 592 2432 625 2485; x_wconf 89' lang='lat' dir='ltr'>et</span> <span class='ocrx_word' id='word_1_168' title='bbox 654 2435 728 2486; x_wconf 90' lang='lat' dir='ltr'>ante</span> <span class='ocrx_word' id='word_1_169' title='bbox 757 2424 916 2487; x_wconf 89' lang='lat' dir='ltr'>Soranum</span> <span class='ocrx_word' id='word_1_170' title='bbox 946 2424 1123 2505; x_wconf 89' lang='lat' dir='ltr'>Ephesium</span> <span class='ocrx_word' id='word_1_171' title='bbox 1150 2425 1247 2498; x_wconf 88' lang='lat' dir='ltr'>vixit,</span> <span class='ocrx_word' id='word_1_172' title='bbox 1277 2432 1415 2504; x_wconf 81' lang='lat' dir='ltr'>pugnet,</span> <span class='ocrx_word' id='word_1_173' title='bbox 1447 2441 1512 2482; x_wconf 93' lang='lat' dir='ltr'>non</span> 
     </span>
     <span class='ocr_line' id='line_1_21' title="bbox 255 2528 1511 2610; baseline -0.003 -19"><span class='ocrx_word' id='word_1_174' title='bbox 255 2540 329 2592; x_wconf 87' lang='lat' dir='ltr'>ante</span> <span class='ocrx_word' id='word_1_175' title='bbox 359 2529 481 2590; x_wconf 88' lang='lat' dir='ltr'>initium</span> <span class='ocrx_word' id='word_1_176' title='bbox 512 2529 640 2590; x_wconf 90' lang='lat' dir='ltr'>alterius</span> <span class='ocrx_word' id='word_1_177' title='bbox 672 2529 735 2592; x_wconf 86' lang='lat' dir='ltr'>sere</span> <span class='ocrx_word' id='word_1_178' title='bbox 765 2550 795 2610; x_wconf 89' lang='lat' dir='ltr'>p.</span> <span class='ocrx_word' id='word_1_179' title='bbox 819 2529 893 2595; x_wconf 88' lang='lat' dir='ltr'>Chr.</span> <span class='ocrx_word' id='word_1_180' title='bbox 917 2551 946 2592; x_wconf 91' lang='lat' dir='ltr'>n.</span> <span class='ocrx_word' id='word_1_181' title='bbox 971 2529 1088 2591; x_wconf 85' lang='lat' dir='ltr'>saeculi</span> <span class='ocrx_word' id='word_1_182' title='bbox 1122 2528 1254 2607; x_wconf 68' lang='lat' dir='ltr'>suit113).</span> <span class='ocrx_word' id='word_1_183' title='bbox 1304 2528 1418 2607; x_wconf 91' lang='lat' dir='ltr'>Neque</span> <span class='ocrx_word' id='word_1_184' title='bbox 1445 2547 1511 2588; x_wconf 92' lang='lat' dir='ltr'>sen-</span> 
     </span>
     <span class='ocr_line' id='line_1_22' title="bbox 255 2633 1514 2714; baseline -0.005 -16"><span class='ocrx_word' id='word_1_185' title='bbox 255 2636 355 2698; x_wconf 88' lang='lat' dir='ltr'>tentia</span> <span class='ocrx_word' id='word_1_186' title='bbox 379 2634 506 2695; x_wconf 91' lang='lat' dir='ltr'>illorum</span> <span class='ocrx_word' id='word_1_187' title='bbox 529 2633 669 2696; x_wconf 89' lang='lat' dir='ltr'>virorum</span> <span class='ocrx_word' id='word_1_188' title='bbox 685 2636 857 2697; x_wconf 88' lang='lat' dir='ltr'>doctorum</span> <span class='ocrx_word' id='word_1_189' title='bbox 873 2644 1026 2706; x_wconf 87' lang='lat' dir='ltr'>servatur,</span> <span class='ocrx_word' id='word_1_190' title='bbox 1050 2635 1075 2695; x_wconf 92' lang='lat' dir='ltr'>si</span> <span class='ocrx_word' id='word_1_191' title='bbox 1091 2655 1110 2695; x_wconf 91' lang='lat' dir='ltr'>a</span> <span class='ocrx_word' id='word_1_192' title='bbox 1125 2633 1269 2706; x_wconf 90' lang='lat' dir='ltr'>Theone,</span> <span class='ocrx_word' id='word_1_193' title='bbox 1293 2633 1514 2714; x_wconf 90' lang='lat' dir='ltr'>antiquissimo</span> 
     </span>
     <span class='ocr_line' id='line_1_23' title="bbox 255 2736 1514 2819; baseline -0.003 -17"><span class='ocrx_word' id='word_1_194' title='bbox 255 2742 350 2803; x_wconf 90' lang='lat' dir='ltr'>trium</span> <span class='ocrx_word' id='word_1_195' title='bbox 374 2738 531 2819; x_wconf 83' lang='lat' dir='ltr'>Apolloni</span> <span class='ocrx_word' id='word_1_196' title='bbox 555 2738 808 2813; x_wconf 90' lang='lat' dir='ltr'>scholiastarum,</span> <span class='ocrx_word' id='word_1_197' title='bbox 834 2741 886 2819; x_wconf 94' lang='lat' dir='ltr'>qui</span> <span class='ocrx_word' id='word_1_198' title='bbox 910 2740 940 2799; x_wconf 94' lang='lat' dir='ltr'>in</span> <span class='ocrx_word' id='word_1_199' title='bbox 964 2739 1194 2819; x_wconf 86' lang='lat' dir='ltr'>subscriptione</span> <span class='ocrx_word' id='word_1_200' title='bbox 1225 2739 1437 2811; x_wconf 89' lang='lat' dir='ltr'>nominantur,</span> <span class='ocrx_word' id='word_1_201' title='bbox 1461 2736 1514 2798; x_wconf 91' lang='lat' dir='ltr'>illa</span> 
     </span>
    </p>
   </div>
   <div class='ocr_carea' id='block_1_3' title="bbox 167 2841 1512 2925">
    <p class='ocr_par' dir='ltr' id='par_1_4' title="bbox 167 2841 1512 2925">
     <span class='ocr_line' id='line_1_24' title="bbox 167 2841 1512 2925; baseline -0.004 -17"><span class='ocrx_word' id='word_1_202' title='bbox 167 2863 168 2866; x_wconf 73' lang='grc'>’</span> <span class='ocrx_word' id='word_1_203' title='bbox 256 2847 403 2908; x_wconf 87' lang='lat' dir='ltr'>doctrina</span> <span class='ocrx_word' id='word_1_204' title='bbox 418 2846 650 2906; x_wconf 88' lang='lat' dir='ltr'>commentario</span> <span class='ocrx_word' id='word_1_205' title='bbox 666 2846 792 2906; x_wconf 88' lang='lat' dir='ltr'>adiecta</span> <span class='ocrx_word' id='word_1_206' title='bbox 810 2854 869 2918; x_wconf 93' lang='lat' dir='ltr'>est,</span> <span class='ocrx_word' id='word_1_207' title='bbox 893 2844 1013 2925; x_wconf 92' lang='lat' dir='ltr'>quippe</span> <span class='ocrx_word' id='word_1_208' title='bbox 1029 2845 1082 2922; x_wconf 92' lang='lat' dir='ltr'>qui</span> <span class='ocrx_word' id='word_1_209' title='bbox 1098 2843 1157 2906; x_wconf 93' lang='lat' dir='ltr'>sub</span> <span class='ocrx_word' id='word_1_210' title='bbox 1175 2844 1326 2923; x_wconf 90' lang='lat' dir='ltr'>Augusto</span> <span class='ocrx_word' id='word_1_211' title='bbox 1344 2841 1512 2922; x_wconf 71' lang='lat' dir='ltr'>suerit114).</span> 
     </span>
    </p>
   </div>
   <div class='ocr_carea' id='block_1_4' title="bbox 186 2941 1559 3020">
    <p class='ocr_par' dir='ltr' id='par_1_5' title="bbox 186 2941 1559 3020">
     <span class='ocr_line' id='line_1_25' title="bbox 186 2941 1559 3020; baseline -0.003 -9"><span class='ocrx_word' id='word_1_212' title='bbox 186 2941 189 2946; x_wconf 31' lang='lat'><em>¹</em></span> <span class='ocrx_word' id='word_1_213' title='bbox 257 2949 313 3011; x_wconf 86' lang='lat' dir='ltr'>Sin</span> <span class='ocrx_word' id='word_1_214' title='bbox 346 2959 454 3011; x_wconf 88' lang='lat' dir='ltr'>autem</span> <span class='ocrx_word' id='word_1_215' title='bbox 488 2969 599 3011; x_wconf 89' lang='lat' dir='ltr'>revera</span> <span class='ocrx_word' id='word_1_216' title='bbox 631 2949 801 3011; x_wconf 90' lang='lat' dir='ltr'>Theonem</span> <span class='ocrx_word' id='word_1_217' title='bbox 834 2948 896 3010; x_wconf 91' lang='lat' dir='ltr'>hoc</span> <span class='ocrx_word' id='word_1_218' title='bbox 929 2948 1042 3011; x_wconf 84' lang='lat' dir='ltr'>fecisse</span> <span class='ocrx_word' id='word_1_219' title='bbox 1074 2950 1331 3020; x_wconf 87' lang='lat' dir='ltr'>demonstratur,</span> <span class='ocrx_word' id='word_1_220' title='bbox 1366 2965 1514 3008; x_wconf 89' lang='lat' dir='ltr'>corruere</span> <span class='ocrx_word' id='word_1_221' title='bbox 1540 2974 1559 2990; x_wconf 92' lang='lat'>·-</span> 
     </span>
    </p>
   </div>
   <div class='ocr_carea' id='block_1_5' title="bbox 259 3166 1516 3497">
    <p class='ocr_par' dir='ltr' id='par_1_6' title="bbox 259 3166 1516 3497">
     <span class='ocr_line' id='line_1_26' title="bbox 345 3166 1516 3234; baseline -0.004 -16"><span class='ocrx_word' id='word_1_222' title='bbox 345 3166 394 3232; x_wconf 72' lang='grc'>113)</span> <span class='ocrx_word' id='word_1_223' title='bbox 413 3169 510 3218; x_wconf 84' lang='lat' dir='ltr'>irenaei</span> <span class='ocrx_word' id='word_1_224' title='bbox 536 3168 690 3216; x_wconf 86' lang='lat' dir='ltr'>mentionem</span> <span class='ocrx_word' id='word_1_225' title='bbox 716 3167 776 3218; x_wconf 85' lang='lat' dir='ltr'>iecit</span> <span class='ocrx_word' id='word_1_226' title='bbox 800 3169 911 3218; x_wconf 88' lang='lat' dir='ltr'>Soranus</span> <span class='ocrx_word' id='word_1_227' title='bbox 935 3170 1074 3234; x_wconf 87' lang='lat' dir='ltr'>Ephesius,</span> <span class='ocrx_word' id='word_1_228' title='bbox 1104 3169 1147 3233; x_wconf 89' lang='lat' dir='ltr'>qui</span> <span class='ocrx_word' id='word_1_229' title='bbox 1171 3179 1233 3218; x_wconf 87' lang='lat' dir='ltr'>teste</span> <span class='ocrx_word' id='word_1_230' title='bbox 1257 3169 1336 3218; x_wconf 90' lang='lat' dir='ltr'>Suida</span> <span class='ocrx_word' id='word_1_231' title='bbox 1363 3166 1473 3228; x_wconf 86' lang='lat' dir='ltr'>Trajano</span> <span class='ocrx_word' id='word_1_232' title='bbox 1492 3175 1516 3214; x_wconf 89' lang='lat' dir='ltr'>et</span> 
     </span>
     <span class='ocr_line' id='line_1_27' title="bbox 264 3251 1515 3328; baseline -0.002 -23"><span class='ocrx_word' id='word_1_233' title='bbox 264 3258 395 3320; x_wconf 84' lang='lat' dir='ltr'>Hadriano</span> <span class='ocrx_word' id='word_1_234' title='bbox 412 3256 604 3320; x_wconf 88' lang='lat' dir='ltr'>imperatoribus</span> <span class='ocrx_word' id='word_1_235' title='bbox 622 3256 719 3304; x_wconf 91' lang='lat' dir='ltr'>Rornae</span> <span class='ocrx_word' id='word_1_236' title='bbox 736 3256 830 3316; x_wconf 90' lang='lat' dir='ltr'>docuit,</span> <span class='ocrx_word' id='word_1_237' title='bbox 858 3258 883 3306; x_wconf 93' lang='lat' dir='ltr'>in</span> <span class='ocrx_word' id='word_1_238' title='bbox 903 3259 976 3317; x_wconf 83' lang='lat' dir='ltr'>libro,</span> <span class='ocrx_word' id='word_1_239' title='bbox 1003 3275 1078 3323; x_wconf 91' lang='lat' dir='ltr'>quem</span> <span class='ocrx_word' id='word_1_240' title='bbox 1101 3258 1199 3323; x_wconf 87' lang='lat' dir='ltr'>scripsit</span> <span class='ocrx_word' id='word_1_241' title='bbox 1223 3260 1286 3328; x_wconf 80' lang='grc' dir='ltr'>περὶ</span> <span class='ocrx_word' id='word_1_242' title='bbox 1307 3251 1515 3325; x_wconf 78' lang='grc' dir='ltr'><em>Ἐτυμολογιῶν</em></span> 
     </span>
     <span class='ocr_line' id='line_1_28' title="bbox 259 3337 1515 3414; baseline -0.004 -19"><span class='ocrx_word' id='word_1_243' title='bbox 259 3351 308 3397; x_wconf 74' lang='grc' dir='ltr'>τοῦ</span> <span class='ocrx_word' id='word_1_244' title='bbox 327 3341 456 3414; x_wconf 81' lang='grc' dir='ltr'><em>σώματος</em></span> <span class='ocrx_word' id='word_1_245' title='bbox 473 3348 523 3395; x_wconf 83' lang='grc' dir='ltr'>τοῦ</span> <span class='ocrx_word' id='word_1_246' title='bbox 543 3337 712 3411; x_wconf 71' lang='grc' dir='ltr'><strong><em>ἀνθρώπους</em></strong></span> <span class='ocrx_word' id='word_1_247' title='bbox 740 3361 763 3395; x_wconf 89' lang='lat' dir='ltr'>v.</span> <span class='ocrx_word' id='word_1_248' title='bbox 782 3345 869 3395; x_wconf 92' lang='lat' dir='ltr'>Orion.</span> <span class='ocrx_word' id='word_1_249' title='bbox 888 3347 970 3396; x_wconf 87' lang='lat' dir='ltr'>Theb.</span> <span class='ocrx_word' id='word_1_250' title='bbox 995 3348 1043 3397; x_wconf 89' lang='lat' dir='ltr'>lex.</span> <span class='ocrx_word' id='word_1_251' title='bbox 1067 3364 1087 3397; x_wconf 94' lang='lat' dir='ltr'>s.</span> <span class='ocrx_word' id='word_1_252' title='bbox 1108 3364 1132 3395; x_wconf 92' lang='lat' dir='ltr'>v.</span> <span class='ocrx_word' id='word_1_253' title='bbox 1160 3342 1217 3412; x_wconf 75' lang='grc' dir='ltr'>ψὺη</span> <span class='ocrx_word' id='word_1_254' title='bbox 1242 3346 1302 3395; x_wconf 92' lang='lat' dir='ltr'>coll.</span> <span class='ocrx_word' id='word_1_255' title='bbox 1322 3345 1406 3408; x_wconf 89' lang='lat' dir='ltr'>Etym.</span> <span class='ocrx_word' id='word_1_256' title='bbox 1427 3344 1515 3406; x_wconf 87' lang='lat' dir='ltr'>Magn.</span> 
     </span>
     <span class='ocr_line' id='line_1_29' title="bbox 259 3432 1516 3497; baseline -0.005 -13"><span class='ocrx_word' id='word_1_257' title='bbox 259 3443 284 3484; x_wconf 91' lang='lat' dir='ltr'>et</span> <span class='ocrx_word' id='word_1_258' title='bbox 302 3433 406 3482; x_wconf 90' lang='lat' dir='ltr'>Meletio</span> <span class='ocrx_word' id='word_1_259' title='bbox 424 3449 449 3497; x_wconf 90' lang='lat' dir='ltr'>p.</span> <span class='ocrx_word' id='word_1_260' title='bbox 470 3445 512 3494; x_wconf 88' lang='lat'>92.</span> <span class='ocrx_word' id='word_1_261' title='bbox 533 3445 559 3480; x_wconf 89' lang='lat'>11</span> <span class='ocrx_word' id='word_1_262' title='bbox 581 3432 608 3480; x_wconf 91' lang='lat' dir='ltr'>in</span> <span class='ocrx_word' id='word_1_263' title='bbox 626 3433 735 3482; x_wconf 90' lang='lat' dir='ltr'>Crameri</span> <span class='ocrx_word' id='word_1_264' title='bbox 754 3435 843 3482; x_wconf 88' lang='lat' dir='ltr'>anecd.</span> <span class='ocrx_word' id='word_1_265' title='bbox 864 3435 947 3484; x_wconf 91' lang='lat' dir='ltr'>Oxon.</span> <span class='ocrx_word' id='word_1_266' title='bbox 966 3435 1014 3484; x_wconf 94' lang='lat' dir='ltr'>Ill.</span> <span class='ocrx_word' id='word_1_267' title='bbox 1050 3435 1114 3483; x_wconf 89' lang='lat' dir='ltr'>Vide</span> <span class='ocrx_word' id='word_1_268' title='bbox 1134 3435 1239 3484; x_wconf 90' lang='lat' dir='ltr'>Paulum</span> <span class='ocrx_word' id='word_1_269' title='bbox 1256 3434 1348 3497; x_wconf 87' lang='lat' dir='ltr'>Voigt:</span> <span class='ocrx_word' id='word_1_270' title='bbox 1369 3432 1400 3481; x_wconf 92' lang='lat' dir='ltr'>de</span> <span class='ocrx_word' id='word_1_271' title='bbox 1418 3432 1516 3482; x_wconf 84' lang='lat' dir='ltr'>Sorano</span> 
     </span>
    </p>
   </div>
   <div class='ocr_carea' id='block_1_6' title="bbox 180 3519 1517 3596">
    <p class='ocr_par' dir='ltr' id='par_1_7' title="bbox 180 3519 1517 3596">
     <span class='ocr_line' id='line_1_30' title="bbox 180 3519 1517 3596; baseline -0.004 -24"><span class='ocrx_word' id='word_1_272' title='bbox 180 3591 182 3596; x_wconf 28' lang='grc' dir='ltr'>Ι</span> <span class='ocrx_word' id='word_1_273' title='bbox 260 3523 380 3588; x_wconf 89' lang='lat' dir='ltr'>Ephesio,</span> <span class='ocrx_word' id='word_1_274' title='bbox 401 3522 461 3571; x_wconf 89' lang='lat' dir='ltr'>diss.</span> <span class='ocrx_word' id='word_1_275' title='bbox 480 3521 625 3586; x_wconf 89' lang='lat' dir='ltr'>Gryphisw.</span> <span class='ocrx_word' id='word_1_276' title='bbox 646 3521 719 3571; x_wconf 85' lang='lat'>1882.</span> <span class='ocrx_word' id='word_1_277' title='bbox 764 3522 912 3587; x_wconf 90' lang='lat' dir='ltr'>Discipulus</span> <span class='ocrx_word' id='word_1_278' title='bbox 932 3532 1015 3570; x_wconf 88' lang='lat' dir='ltr'>autem</span> <span class='ocrx_word' id='word_1_279' title='bbox 1041 3531 1093 3571; x_wconf 90' lang='lat' dir='ltr'>erat</span> <span class='ocrx_word' id='word_1_280' title='bbox 1117 3525 1235 3571; x_wconf 89' lang='lat' dir='ltr'>Irenaeus</span> <span class='ocrx_word' id='word_1_281' title='bbox 1253 3537 1295 3570; x_wconf 89' lang='lat' dir='ltr'>seu</span> <span class='ocrx_word' id='word_1_282' title='bbox 1314 3521 1420 3570; x_wconf 88' lang='lat' dir='ltr'>Pacatus</span> <span class='ocrx_word' id='word_1_283' title='bbox 1439 3519 1517 3569; x_wconf 88' lang='lat' dir='ltr'>Suida</span> 
     </span>
    </p>
   </div>
   <div class='ocr_carea' id='block_1_7' title="bbox 259 3608 1521 4377">
    <p class='ocr_par' dir='ltr' id='par_1_8' title="bbox 259 3608 1518 4014">
     <span class='ocr_line' id='line_1_31' title="bbox 259 3608 1518 3674; baseline -0.006 -13"><span class='ocrx_word' id='word_1_284' title='bbox 259 3620 323 3661; x_wconf 88' lang='lat' dir='ltr'>teste</span> <span class='ocrx_word' id='word_1_285' title='bbox 342 3610 473 3660; x_wconf 90' lang='lat' dir='ltr'>Heliodori</span> <span class='ocrx_word' id='word_1_286' title='bbox 494 3610 599 3668; x_wconf 89' lang='lat' dir='ltr'>metrici,</span> <span class='ocrx_word' id='word_1_287' title='bbox 620 3611 663 3674; x_wconf 88' lang='lat' dir='ltr'>qui</span> <span class='ocrx_word' id='word_1_288' title='bbox 681 3617 738 3674; x_wconf 90' lang='lat' dir='ltr'>post</span> <span class='ocrx_word' id='word_1_289' title='bbox 756 3611 873 3659; x_wconf 89' lang='lat' dir='ltr'>Caesium</span> <span class='ocrx_word' id='word_1_290' title='bbox 891 3612 996 3658; x_wconf 89' lang='lat' dir='ltr'>Bassum</span> <span class='ocrx_word' id='word_1_291' title='bbox 1014 3611 1084 3662; x_wconf 89' lang='lat' dir='ltr'>vixit.</span> <span class='ocrx_word' id='word_1_292' title='bbox 1115 3613 1146 3660; x_wconf 87' lang='lat' dir='ltr'>V.</span> <span class='ocrx_word' id='word_1_293' title='bbox 1165 3612 1245 3660; x_wconf 90' lang='lat' dir='ltr'>Henr.</span> <span class='ocrx_word' id='word_1_294' title='bbox 1267 3609 1338 3658; x_wconf 89' lang='lat' dir='ltr'>Keil:</span> <span class='ocrx_word' id='word_1_295' title='bbox 1359 3608 1518 3673; x_wconf 86' lang='lat' dir='ltr'>quaestiones</span> 
     </span>
     <span class='ocr_line' id='line_1_32' title="bbox 264 3695 1518 3764; baseline -0.005 -16"><span class='ocrx_word' id='word_1_296' title='bbox 264 3698 442 3764; x_wconf 84' lang='lat' dir='ltr'>grammaticae</span> <span class='ocrx_word' id='word_1_297' title='bbox 461 3699 562 3763; x_wconf 87' lang='lat' dir='ltr'>Lipsiae</span> <span class='ocrx_word' id='word_1_298' title='bbox 584 3696 647 3747; x_wconf 90' lang='lat'>1860</span> <span class='ocrx_word' id='word_1_299' title='bbox 666 3709 690 3747; x_wconf 89' lang='lat' dir='ltr'>et</span> <span class='ocrx_word' id='word_1_300' title='bbox 708 3699 853 3747; x_wconf 87' lang='lat' dir='ltr'>Mauritium</span> <span class='ocrx_word' id='word_1_301' title='bbox 872 3699 972 3763; x_wconf 85' lang='lat' dir='ltr'>Haupt:</span> <span class='ocrx_word' id='word_1_302' title='bbox 1000 3714 1087 3762; x_wconf 92' lang='lat' dir='ltr'>opusc.</span> <span class='ocrx_word' id='word_1_303' title='bbox 1106 3700 1146 3747; x_wconf 91' lang='grc' dir='ltr'>ΙΙΙ</span> <span class='ocrx_word' id='word_1_304' title='bbox 1164 3716 1189 3764; x_wconf 92' lang='lat' dir='ltr'>p.</span> <span class='ocrx_word' id='word_1_305' title='bbox 1208 3712 1259 3762; x_wconf 89' lang='lat'>434</span> <span class='ocrx_word' id='word_1_306' title='bbox 1286 3713 1342 3761; x_wconf 92' lang='lat' dir='ltr'>sqq.</span> <span class='ocrx_word' id='word_1_307' title='bbox 1360 3695 1518 3758; x_wconf 83' lang='lat' dir='ltr'>Warnlrross‚</span> 
     </span>
     <span class='ocr_line' id='line_1_33' title="bbox 261 3783 1518 3852; baseline -0.006 -16"><span class='ocrx_word' id='word_1_308' title='bbox 261 3804 311 3852; x_wconf 90' lang='lat' dir='ltr'>quo</span> <span class='ocrx_word' id='word_1_309' title='bbox 329 3795 442 3852; x_wconf 90' lang='lat' dir='ltr'>tempore</span> <span class='ocrx_word' id='word_1_310' title='bbox 460 3787 511 3836; x_wconf 81' lang='lat' dir='ltr'>iere</span> <span class='ocrx_word' id='word_1_311' title='bbox 525 3787 664 3851; x_wconf 90' lang='lat' dir='ltr'>Sophocles</span> <span class='ocrx_word' id='word_1_312' title='bbox 681 3787 778 3849; x_wconf 89' lang='lat' dir='ltr'>vixerit,</span> <span class='ocrx_word' id='word_1_313' title='bbox 801 3787 910 3835; x_wconf 91' lang='lat' dir='ltr'>invenit:</span> <span class='ocrx_word' id='word_1_314' title='bbox 937 3804 961 3836; x_wconf 93' lang='lat' dir='ltr'>v.</span> <span class='ocrx_word' id='word_1_315' title='bbox 981 3787 1063 3836; x_wconf 89' lang='lat' dir='ltr'>thesin</span> <span class='ocrx_word' id='word_1_316' title='bbox 1082 3801 1097 3834; x_wconf 93' lang='lat'><strong>2</strong></span> <span class='ocrx_word' id='word_1_317' title='bbox 1116 3797 1174 3851; x_wconf 92' lang='lat' dir='ltr'>post</span> <span class='ocrx_word' id='word_1_318' title='bbox 1200 3803 1270 3836; x_wconf 88' lang='lat' dir='ltr'>suam</span> <span class='ocrx_word' id='word_1_319' title='bbox 1289 3785 1385 3834; x_wconf 90' lang='lat' dir='ltr'>dissert.</span> <span class='ocrx_word' id='word_1_320' title='bbox 1412 3783 1443 3832; x_wconf 93' lang='lat' dir='ltr'>de</span> <span class='ocrx_word' id='word_1_321' title='bbox 1462 3798 1518 3848; x_wconf 89' lang='lat' dir='ltr'>par·</span> 
     </span>
     <span class='ocr_line' id='line_1_34' title="bbox 261 3875 1518 3941; baseline -0.004 -17"><span class='ocrx_word' id='word_1_322' title='bbox 261 3875 447 3940; x_wconf 87' lang='lat' dir='ltr'>oemiographis</span> <span class='ocrx_word' id='word_1_323' title='bbox 466 3875 561 3941; x_wconf 89' lang='lat' dir='ltr'>Gryph.</span> <span class='ocrx_word' id='word_1_324' title='bbox 586 3875 658 3925; x_wconf 92' lang='lat'>1881.</span> <span class='ocrx_word' id='word_1_325' title='bbox 695 3875 828 3924; x_wconf 86' lang='lat' dir='ltr'>Udalricus</span> <span class='ocrx_word' id='word_1_326' title='bbox 847 3875 878 3922; x_wconf 91' lang='lat' dir='ltr'>de</span> <span class='ocrx_word' id='word_1_327' title='bbox 897 3875 1067 3926; x_wconf 87' lang='lat' dir='ltr'>Wilamowitz</span> <span class='ocrx_word' id='word_1_328' title='bbox 1083 3875 1108 3922; x_wconf 92' lang='lat' dir='ltr'>in</span> <span class='ocrx_word' id='word_1_329' title='bbox 1127 3875 1220 3923; x_wconf 88' lang='lat' dir='ltr'>scholis</span> <span class='ocrx_word' id='word_1_330' title='bbox 1238 3875 1368 3922; x_wconf 92' lang='lat' dir='ltr'>nobiscum</span> <span class='ocrx_word' id='word_1_331' title='bbox 1387 3886 1518 3934; x_wconf 83' lang='lat' dir='ltr'>argumen-</span> 
     </span>
     <span class='ocr_line' id='line_1_35' title="bbox 260 3964 600 4014; baseline 0 -1"><span class='ocrx_word' id='word_1_332' title='bbox 260 3965 381 4013; x_wconf 87' lang='lat' dir='ltr'>tationem</span> <span class='ocrx_word' id='word_1_333' title='bbox 398 3964 600 4014; x_wconf 85' lang='lat' dir='ltr'>communicavit.</span> 
     </span>
    </p>

    <p class='ocr_par' dir='ltr' id='par_1_9' title="bbox 262 4046 1521 4377">
     <span class='ocr_line' id='line_1_36' title="bbox 347 4046 1519 4114; baseline -0.005 -13"><span class='ocrx_word' id='word_1_334' title='bbox 347 4049 394 4114; x_wconf 74' lang='grc'>114)</span> <span class='ocrx_word' id='word_1_335' title='bbox 411 4052 445 4102; x_wconf 80' lang='lat' dir='ltr'>cf.</span> <span class='ocrx_word' id='word_1_336' title='bbox 465 4053 556 4101; x_wconf 90' lang='lat' dir='ltr'>Giese:</span> <span class='ocrx_word' id='word_1_337' title='bbox 584 4053 616 4100; x_wconf 92' lang='lat' dir='ltr'>de</span> <span class='ocrx_word' id='word_1_338' title='bbox 635 4052 740 4100; x_wconf 91' lang='lat' dir='ltr'>Theone</span> <span class='ocrx_word' id='word_1_339' title='bbox 759 4051 923 4114; x_wconf 84' lang='lat' dir='ltr'>grammatico</span> <span class='ocrx_word' id='word_1_340' title='bbox 942 4066 968 4114; x_wconf 93' lang='lat' dir='ltr'>p.</span> <span class='ocrx_word' id='word_1_341' title='bbox 988 4050 1021 4113; x_wconf 85' lang='lat'>38</span> <span class='ocrx_word' id='word_1_342' title='bbox 1040 4065 1095 4114; x_wconf 91' lang='lat' dir='ltr'>sqq.</span> <span class='ocrx_word' id='word_1_343' title='bbox 1115 4050 1174 4100; x_wconf 89' lang='lat' dir='ltr'>diss.</span> <span class='ocrx_word' id='word_1_344' title='bbox 1194 4051 1279 4114; x_wconf 86' lang='lat' dir='ltr'>inaug.</span> <span class='ocrx_word' id='word_1_345' title='bbox 1302 4051 1416 4100; x_wconf 83' lang='lat' dir='ltr'>Mlinster</span> <span class='ocrx_word' id='word_1_346' title='bbox 1446 4046 1519 4108; x_wconf 84' lang='lat'>1867.</span> 
     </span>
     <span class='ocr_line' id='line_1_37' title="bbox 264 4136 1521 4202; baseline -0.006 -11"><span class='ocrx_word' id='word_1_347' title='bbox 264 4145 320 4192; x_wconf 85' lang='lat' dir='ltr'>Iam</span> <span class='ocrx_word' id='word_1_348' title='bbox 338 4141 527 4190; x_wconf 87' lang='lat' dir='ltr'>Maximilianus</span> <span class='ocrx_word' id='word_1_349' title='bbox 551 4140 701 4188; x_wconf 87' lang='lat' dir='ltr'>Warnkross</span> <span class='ocrx_word' id='word_1_350' title='bbox 719 4140 737 4188; x_wconf 90' lang='lat' dir='ltr'>l.</span> <span class='ocrx_word' id='word_1_351' title='bbox 754 4139 772 4187; x_wconf 93' lang='lat' dir='ltr'>l.</span> <span class='ocrx_word' id='word_1_352' title='bbox 799 4139 861 4186; x_wconf 92' lang='lat' dir='ltr'>thes.</span> <span class='ocrx_word' id='word_1_353' title='bbox 883 4150 893 4184; x_wconf 90' lang='lat'>1</span> <span class='ocrx_word' id='word_1_354' title='bbox 921 4137 1101 4202; x_wconf 90' lang='lat' dir='ltr'>pronuntiavit,</span> <span class='ocrx_word' id='word_1_355' title='bbox 1128 4156 1141 4185; x_wconf 90' lang='lat' dir='ltr'>a</span> <span class='ocrx_word' id='word_1_356' title='bbox 1166 4138 1272 4186; x_wconf 92' lang='lat' dir='ltr'>Theone</span> <span class='ocrx_word' id='word_1_357' title='bbox 1298 4145 1322 4186; x_wconf 92' lang='lat' dir='ltr'>et</span> <span class='ocrx_word' id='word_1_358' title='bbox 1346 4137 1371 4184; x_wconf 90' lang='lat' dir='ltr'>in</span> <span class='ocrx_word' id='word_1_359' title='bbox 1398 4136 1521 4200; x_wconf 89' lang='lat' dir='ltr'>Apolloni</span> 
     </span>
     <span class='ocr_line' id='line_1_38' title="bbox 262 4224 1520 4294; baseline -0.008 -14"><span class='ocrx_word' id='word_1_360' title='bbox 262 4229 470 4280; x_wconf 89' lang='lat' dir='ltr'>commentarium</span> <span class='ocrx_word' id='word_1_361' title='bbox 488 4230 649 4294; x_wconf 85' lang='lat' dir='ltr'>transcriptas</span> <span class='ocrx_word' id='word_1_362' title='bbox 672 4227 820 4291; x_wconf 84' lang='lat' dir='ltr'>compilatas</span> <span class='ocrx_word' id='word_1_363' title='bbox 845 4240 899 4272; x_wconf 89' lang='lat' dir='ltr'>esse</span> <span class='ocrx_word' id='word_1_364' title='bbox 923 4225 1042 4275; x_wconf 85' lang='lat' dir='ltr'>fabularis</span> <span class='ocrx_word' id='word_1_365' title='bbox 1062 4226 1190 4274; x_wconf 85' lang='lat' dir='ltr'>doctrinae</span> <span class='ocrx_word' id='word_1_366' title='bbox 1213 4225 1307 4290; x_wconf 90' lang='lat' dir='ltr'>copias,</span> <span class='ocrx_word' id='word_1_367' title='bbox 1334 4240 1396 4288; x_wconf 89' lang='lat' dir='ltr'>quas</span> <span class='ocrx_word' id='word_1_368' title='bbox 1416 4224 1520 4288; x_wconf 91' lang='lat' dir='ltr'>quidem</span> 
     </span>
     <span class='ocr_line' id='line_1_39' title="bbox 263 4312 1050 4377; baseline -0.004 -9"><span class='ocrx_word' id='word_1_369' title='bbox 263 4319 411 4368; x_wconf 84' lang='lat' dir='ltr'>Eduardum</span> <span class='ocrx_word' id='word_1_370' title='bbox 431 4319 557 4368; x_wconf 86' lang='lat' dir='ltr'>Schwartz</span> <span class='ocrx_word' id='word_1_371' title='bbox 575 4324 675 4366; x_wconf 91' lang='lat' dir='ltr'>secutus</span> <span class='ocrx_word' id='word_1_372' title='bbox 694 4312 901 4377; x_wconf 87' lang='lat' dir='ltr'>Scytobrachioni</span> <span class='ocrx_word' id='word_1_373' title='bbox 924 4315 1050 4365; x_wconf 89' lang='lat' dir='ltr'>adscribit.</span> 
     </span>
    </p>
   </div>
   <div class='ocr_carea' id='block_1_8' title="bbox 0 0 1746 5028">
    <p class='ocr_par' dir='ltr' id='par_1_10' title="bbox 0 0 1746 5028">
     <span class='ocr_line' id='line_1_40' title="bbox 0 0 1746 5028; baseline 0 0"><span class='ocrx_word' id='word_1_374' title='bbox 0 0 1746 5028; x_wconf 95' lang='lat' dir='ltr'> </span> 
     </span>
    </p>
   </div>
  </div>
 </body>
</html>
