<?xml version="1.0" encoding="UTF-8"?>
<!DOCTYPE html PUBLIC "-//W3C//DTD XHTML 1.0 Transitional//EN"
    "http://www.w3.org/TR/xhtml1/DTD/xhtml1-transitional.dtd">
<html xmlns="http://www.w3.org/1999/xhtml" xml:lang="en" lang="en">
 <head>
  <title>
</title>
<meta http-equiv="Content-Type" content="text/html;charset=utf-8" />
  <meta name='ocr-system' content='tesseract 3.04.00' />
  <meta name='ocr-capabilities' content='ocr_page ocr_carea ocr_par ocr_line ocrx_word'/>
</head>
<body>
  <div class='ocr_page' id='page_1' title='image "./quaestionesdiod01bethgoog_0060.png"; bbox 0 0 3438 5028; ppageno 0'>
   <div class='ocr_carea' id='block_1_1' title="bbox 768 349 980 414">
    <p class='ocr_par' dir='ltr' id='par_1_1' title="bbox 768 349 980 414">
     <span class='ocr_line' id='line_1_1' title="bbox 768 349 980 414; baseline 0 -32"><span class='ocrx_word' id='word_1_1' title='bbox 768 349 980 414; x_wconf 68' lang='lat'>..55-</span> 
     </span>
    </p>
   </div>
   <div class='ocr_carea' id='block_1_2' title="bbox 234 504 1505 1430">
    <p class='ocr_par' dir='ltr' id='par_1_2' title="bbox 234 504 1505 1338">
     <span class='ocr_line' id='line_1_2' title="bbox 246 504 1503 572; baseline 0.002 -15"><span class='ocrx_word' id='word_1_2' title='bbox 246 507 353 558; x_wconf 90' lang='lat' dir='ltr'>Diodor.</span> <span class='ocrx_word' id='word_1_3' title='bbox 363 507 409 557; x_wconf 90' lang='lat' dir='ltr'><strong><em>IV.</em></strong></span> <span class='ocrx_word' id='word_1_4' title='bbox 425 507 466 570; x_wconf 89' lang='lat'><strong><em>69.</em></strong></span> <span class='ocrx_word' id='word_1_5' title='bbox 478 522 502 569; x_wconf 86' lang='lat'><strong><em>4,</em></strong></span> <span class='ocrx_word' id='word_1_6' title='bbox 517 517 540 570; x_wconf 82' lang='lat'><strong><em>5.</em></strong></span> <span class='ocrx_word' id='word_1_7' title='bbox 566 507 647 556; x_wconf 91' lang='lat' dir='ltr'>schol.</span> <span class='ocrx_word' id='word_1_8' title='bbox 667 507 700 557; x_wconf 82' lang='lat' dir='ltr'><strong><em>A.</em></strong></span> <span class='ocrx_word' id='word_1_9' title='bbox 726 504 775 555; x_wconf 83' lang='lat'><strong><em>268</em></strong></span> <span class='ocrx_word' id='word_1_10' title='bbox 794 506 860 554; x_wconf 83' lang='lat' dir='ltr'><strong><em>AD.</em></strong></span> <span class='ocrx_word' id='word_1_11' title='bbox 935 507 1005 570; x_wconf 80' lang='lat' dir='ltr'><strong>Hyg.</strong></span> <span class='ocrx_word' id='word_1_12' title='bbox 1024 507 1075 560; x_wconf 77' lang='lat' dir='ltr'>sab.</span> <span class='ocrx_word' id='word_1_13' title='bbox 1095 507 1136 558; x_wconf 86' lang='lat'><strong><em>62.</em></strong></span> <span class='ocrx_word' id='word_1_14' title='bbox 1209 507 1503 572; x_wconf 88' lang='lat' dir='ltr'>schol.Ap.Rh.IlI.62.</span> 
     </span>
     <span class='ocr_line' id='line_1_3' title="bbox 299 585 1504 662; baseline 0.001 -19"><span class='ocrx_word' id='word_1_15' title='bbox 299 589 346 645; x_wconf 75' lang='grc' dir='ltr'><strong><em>διά</em></strong></span> <span class='ocrx_word' id='word_1_16' title='bbox 366 590 395 645; x_wconf 75' lang='grc' dir='ltr'><strong><em>δέ</em></strong></span> <span class='ocrx_word' id='word_1_17' title='bbox 410 587 443 645; x_wconf 86' lang='grc' dir='ltr'><strong><em>τὸ</em></strong></span> <span class='ocrx_word' id='word_1_18' title='bbox 459 595 541 662; x_wconf 85' lang='grc' dir='ltr'><strong><em>μέγε-</em></strong></span> <span class='ocrx_word' id='word_1_19' title='bbox 617 591 716 659; x_wconf 82' lang='grc' dir='ltr'><strong><em>μανεὶς</em></strong></span> <span class='ocrx_word' id='word_1_20' title='bbox 737 591 782 640; x_wconf 82' lang='grc' dir='ltr'><strong><em>καὶ</em></strong></span> <span class='ocrx_word' id='word_1_21' title='bbox 809 586 861 640; x_wconf 78' lang='grc' dir='ltr'><strong><em>ὑπὸ</em></strong></span> <span class='ocrx_word' id='word_1_22' title='bbox 1229 585 1504 662; x_wconf 78' lang='grc' dir='ltr'><strong><em>’λύσσαδὲιῷἹξίονι</em></strong></span> 
     </span>
     <span class='ocr_line' id='line_1_4' title="bbox 245 671 1503 746; baseline 0.001 -17"><span class='ocrx_word' id='word_1_23' title='bbox 245 680 542 746; x_wconf 74' lang='grc' dir='ltr'><strong><em>θοςτῆςπαρανομίας</em></strong></span> <span class='ocrx_word' id='word_1_24' title='bbox 566 675 640 729; x_wconf 75' lang='grc' dir='ltr'><strong><em>θεῶν</em></strong></span> <span class='ocrx_word' id='word_1_25' title='bbox 648 675 801 744; x_wconf 74' lang='grc' dir='ltr'><strong><em>καθαρθεὶς</em></strong></span> <span class='ocrx_word' id='word_1_26' title='bbox 813 671 862 726; x_wconf 85' lang='grc' dir='ltr'><strong><em>τὸν</em></strong></span> <span class='ocrx_word' id='word_1_27' title='bbox 1209 675 1320 730; x_wconf 75' lang='grc' dir='ltr'><strong><em>ἐνέπεσε</em></strong></span> <span class='ocrx_word' id='word_1_28' title='bbox 1340 675 1388 729; x_wconf 73' lang='grc' dir='ltr'><strong><em>διά</em></strong></span> <span class='ocrx_word' id='word_1_29' title='bbox 1412 680 1503 743; x_wconf 84' lang='grc' dir='ltr'><strong><em>τοῦτο,</em></strong></span> 
     </span>
     <span class='ocr_line' id='line_1_5' title="bbox 234 755 1505 836; baseline 0.003 -22"><span class='ocrx_word' id='word_1_30' title='bbox 234 763 353 836; x_wconf 82' lang='grc' dir='ltr'><strong><em>μηδένα</em></strong></span> <span class='ocrx_word' id='word_1_31' title='bbox 390 757 540 830; x_wconf 74' lang='grc' dir='ltr'><strong><em>βούλεσθαι</em></strong></span> <span class='ocrx_word' id='word_1_32' title='bbox 566 755 665 830; x_wconf 80' lang='grc' dir='ltr'><strong><em>φόνον,</em></strong></span> <span class='ocrx_word' id='word_1_33' title='bbox 1208 765 1256 815; x_wconf 83' lang='grc' dir='ltr'><strong><em>καὶ</em></strong></span> <span class='ocrx_word' id='word_1_34' title='bbox 1291 762 1382 822; x_wconf 79' lang='grc' dir='ltr'><strong><em>οὐδεὶς</em></strong></span> <span class='ocrx_word' id='word_1_35' title='bbox 1417 761 1505 818; x_wconf 83' lang='grc' dir='ltr'><strong><em>αὐτὸν</em></strong></span> 
     </span>
     <span class='ocr_line' id='line_1_6' title="bbox 297 839 1504 918; baseline 0.003 -18"><span class='ocrx_word' id='word_1_36' title='bbox 297 851 426 918; x_wconf 70' lang='grc' dir='ltr'><strong><em>καθῆραι</em></strong></span> <span class='ocrx_word' id='word_1_37' title='bbox 439 844 489 901; x_wconf 86' lang='grc' dir='ltr'><strong><em>τὸν</em></strong></span> <span class='ocrx_word' id='word_1_38' title='bbox 1207 839 1504 916; x_wconf 77' lang='grc' dir='ltr'><strong><em>ἤθελενάγνέσαιοίλιε</em></strong></span> 
     </span>
     <span class='ocr_line' id='line_1_7' title="bbox 246 931 1505 1007; baseline 0.003 -21"><span class='ocrx_word' id='word_1_39' title='bbox 246 932 353 1006; x_wconf 84' lang='grc' dir='ltr'><strong><em>φόνον,</em></strong></span> <span class='ocrx_word' id='word_1_40' title='bbox 394 937 471 992; x_wconf 79' lang='grc' dir='ltr'><strong><em>τέλος</em></strong></span> <span class='ocrx_word' id='word_1_41' title='bbox 507 931 540 1001; x_wconf 71' lang='grc' dir='ltr'><strong><em>δὲ</em></strong></span> <span class='ocrx_word' id='word_1_42' title='bbox 1208 933 1283 988; x_wconf 74' lang='grc' dir='ltr'><strong><em>θεῶν</em></strong></span> <span class='ocrx_word' id='word_1_43' title='bbox 1303 934 1366 990; x_wconf 73' lang='grc' dir='ltr'><strong><em>οὔτε</em></strong></span> <span class='ocrx_word' id='word_1_44' title='bbox 1392 932 1505 1007; x_wconf 76' lang='grc' dir='ltr'><strong><em>ἀνθρά-</em></strong></span> 
     </span>
     <span class='ocr_line' id='line_1_8' title="bbox 246 1013 1503 1092; baseline 0.001 -20"><span class='ocrx_word' id='word_1_45' title='bbox 246 1017 302 1074; x_wconf 76' lang='lat' dir='ltr'><strong><em>dud</em></strong></span> <span class='ocrx_word' id='word_1_46' title='bbox 320 1026 371 1073; x_wconf 84' lang='grc' dir='ltr'><strong><em>τοῦ</em></strong></span> <span class='ocrx_word' id='word_1_47' title='bbox 382 1016 450 1079; x_wconf 89' lang='grc' dir='ltr'><strong><em>Διὸς</em></strong></span> <span class='ocrx_word' id='word_1_48' title='bbox 470 1013 540 1071; x_wconf 81' lang='grc' dir='ltr'><strong><em>κατά</em></strong></span> <span class='ocrx_word' id='word_1_49' title='bbox 1180 1041 1182 1045; x_wconf 52' lang='lat'><strong><em>⁴</em></strong></span> <span class='ocrx_word' id='word_1_50' title='bbox 1209 1038 1278 1073; x_wconf 84' lang='grc' dir='ltr'><strong><em>πων.</em></strong></span> <span class='ocrx_word' id='word_1_51' title='bbox 1313 1020 1423 1087; x_wconf 78' lang='grc' dir='ltr'><strong><em>πρῶτος</em></strong></span> <span class='ocrx_word' id='word_1_52' title='bbox 1448 1018 1503 1092; x_wconf 83' lang='grc' dir='ltr'><strong><em>γάρ</em></strong></span> 
     </span>
     <span class='ocr_line' id='line_1_9' title="bbox 244 1099 1485 1178; baseline 0.001 -20"><span class='ocrx_word' id='word_1_53' title='bbox 244 1106 311 1165; x_wconf 83' lang='grc' dir='ltr'><strong><em>τοὺς</em></strong></span> <span class='ocrx_word' id='word_1_54' title='bbox 322 1101 431 1176; x_wconf 77' lang='grc' dir='ltr'><strong><em>μύθους</em></strong></span> <span class='ocrx_word' id='word_1_55' title='bbox 443 1100 540 1172; x_wconf 77' lang='grc' dir='ltr'><strong><em>ἁγνισ-</em></strong></span> <span class='ocrx_word' id='word_1_56' title='bbox 1226 1099 1365 1178; x_wconf 76' lang='grc' dir='ltr'><strong><em>ἐμφύλιον</em></strong></span> <span class='ocrx_word' id='word_1_57' title='bbox 1396 1102 1485 1178; x_wconf 76' lang='grc' dir='ltr'><strong><em>άνιλρα</em></strong></span> 
     </span>
     <span class='ocr_line' id='line_1_10' title="bbox 245 1186 1504 1254; baseline -0.001 -10"><span class='ocrx_word' id='word_1_58' title='bbox 245 1196 315 1252; x_wconf 75' lang='grc' dir='ltr'><strong><em>θείς,</em></strong></span> <span class='ocrx_word' id='word_1_59' title='bbox 1048 1237 1051 1242; x_wconf 88' lang='grc'><strong>,</strong></span> <span class='ocrx_word' id='word_1_60' title='bbox 1209 1186 1377 1244; x_wconf 81' lang='grc' dir='ltr'><strong><em>ἀπέκτεινεν.</em></strong></span> <span class='ocrx_word' id='word_1_61' title='bbox 1391 1187 1504 1254; x_wconf 77' lang='grc' dir='ltr'><em>ἐλεήσας</em></span> 
     </span>
     <span class='ocr_line' id='line_1_11' title="bbox 1209 1272 1505 1338; baseline 0.003 -9"><span class='ocrx_word' id='word_1_62' title='bbox 1209 1276 1240 1330; x_wconf 75' lang='grc' dir='ltr'><strong><em>δέ</em></strong></span> <span class='ocrx_word' id='word_1_63' title='bbox 1268 1272 1355 1331; x_wconf 80' lang='grc' dir='ltr'><strong><em>αὐτὸν</em></strong></span> <span class='ocrx_word' id='word_1_64' title='bbox 1388 1272 1403 1328; x_wconf 85' lang='grc' dir='ltr'>ὁ</span> <span class='ocrx_word' id='word_1_65' title='bbox 1434 1278 1505 1338; x_wconf 83' lang='grc' dir='ltr'><strong><em>Ζεὺς</em></strong></span> 
     </span>
    </p>

    <p class='ocr_par' dir='ltr' id='par_1_3' title="bbox 1208 1358 1318 1430">
     <span class='ocr_line' id='line_1_12' title="bbox 1208 1358 1318 1430; baseline -0.027 -14"><span class='ocrx_word' id='word_1_66' title='bbox 1208 1358 1318 1430; x_wconf 74' lang='grc' dir='ltr'><strong><em>ἁγνίζει,</em></strong></span> 
     </span>
    </p>
   </div>
   <div class='ocr_carea' id='block_1_3' title="bbox 239 1519 1503 2276">
    <p class='ocr_par' dir='ltr' id='par_1_4' title="bbox 239 1519 1503 2112">
     <span class='ocr_line' id='line_1_13' title="bbox 243 1519 1503 1604; baseline 0.005 -24"><span class='ocrx_word' id='word_1_67' title='bbox 243 1525 353 1599; x_wconf 71' lang='grc' dir='ltr'><strong><em>ἠράσθη</em></strong></span> <span class='ocrx_word' id='word_1_68' title='bbox 395 1527 449 1598; x_wconf 80' lang='grc' dir='ltr'><strong><em>μὲν</em></strong></span> <span class='ocrx_word' id='word_1_69' title='bbox 493 1524 546 1592; x_wconf 62' lang='grc' dir='ltr'><strong><em>τῆξ</em></strong></span> <span class='ocrx_word' id='word_1_70' title='bbox 611 1519 699 1594; x_wconf 75' lang='grc' dir='ltr'><em>Ἤρας</em></span> <span class='ocrx_word' id='word_1_71' title='bbox 745 1523 860 1592; x_wconf 68' lang='grc' dir='ltr'><strong><em>ὗσῐέρθν</em></strong></span> <span class='ocrx_word' id='word_1_72' title='bbox 937 1531 1011 1580; x_wconf 85' lang='lat' dir='ltr'>Ixion</span> <span class='ocrx_word' id='word_1_73' title='bbox 1046 1532 1181 1596; x_wconf 72' lang='lat' dir='ltr'>Leonteia)</span> <span class='ocrx_word' id='word_1_74' title='bbox 1262 1537 1308 1585; x_wconf 86' lang='grc' dir='ltr'><strong><em>καλ</em></strong></span> <span class='ocrx_word' id='word_1_75' title='bbox 1357 1531 1503 1604; x_wconf 72' lang='grc' dir='ltr'><strong><em>ἁγνισθεὶς</em></strong></span> 
     </span>
     <span class='ocr_line' id='line_1_14' title="bbox 239 1607 1502 1690; baseline 0 -22"><span class='ocrx_word' id='word_1_76' title='bbox 239 1612 328 1684; x_wconf 86' lang='grc' dir='ltr'><strong><em>Ἥρας</em></strong></span> <span class='ocrx_word' id='word_1_77' title='bbox 366 1615 413 1666; x_wconf 79' lang='grc' dir='ltr'><strong><em>καλ</em></strong></span> <span class='ocrx_word' id='word_1_78' title='bbox 460 1631 540 1666; x_wconf 85' lang='grc' dir='ltr'><strong><em>κατε·</em></strong></span> <span class='ocrx_word' id='word_1_79' title='bbox 564 1607 684 1681; x_wconf 75' lang='grc' dir='ltr'><strong><em>ἠράσθη.</em></strong></span> <span class='ocrx_word' id='word_1_80' title='bbox 723 1610 793 1668; x_wconf 82' lang='grc' dir='ltr'><strong><em>Ζεὺς</em></strong></span> <span class='ocrx_word' id='word_1_81' title='bbox 829 1609 860 1663; x_wconf 73' lang='grc' dir='ltr'><strong><em>δέ</em></strong></span> <span class='ocrx_word' id='word_1_82' title='bbox 885 1616 952 1667; x_wconf 90' lang='lat' dir='ltr'>filius</span> <span class='ocrx_word' id='word_1_83' title='bbox 969 1626 1074 1668; x_wconf 82' lang='lat' dir='ltr'>conatus</span> <span class='ocrx_word' id='word_1_84' title='bbox 1092 1628 1129 1668; x_wconf 92' lang='lat' dir='ltr'><strong><em>est</em></strong></span> <span class='ocrx_word' id='word_1_85' title='bbox 1141 1621 1182 1668; x_wconf 91' lang='lat' dir='ltr'><strong><em>Iu·</em></strong></span> <span class='ocrx_word' id='word_1_86' title='bbox 1206 1613 1316 1690; x_wconf 75' lang='grc' dir='ltr'><strong><em>ἠράσθη</em></strong></span> <span class='ocrx_word' id='word_1_87' title='bbox 1341 1621 1388 1684; x_wconf 81' lang='grc' dir='ltr'><strong><em>τῆς</em></strong></span> <span class='ocrx_word' id='word_1_88' title='bbox 1407 1617 1502 1690; x_wconf 82' lang='grc' dir='ltr'><strong><em>Ἥρας.</em></strong></span> 
     </span>
     <span class='ocr_line' id='line_1_15' title="bbox 243 1691 1502 1774; baseline 0.004 -22"><span class='ocrx_word' id='word_1_89' title='bbox 243 1696 381 1772; x_wconf 87' lang='grc' dir='ltr'><strong><em>τόλμησεν</em></strong></span> <span class='ocrx_word' id='word_1_90' title='bbox 391 1697 461 1772; x_wconf 77' lang='grc' dir='ltr'><strong><em>ὑπὲρ</em></strong></span> <span class='ocrx_word' id='word_1_91' title='bbox 473 1713 540 1750; x_wconf 89' lang='grc' dir='ltr'><strong><em>συν·</em></strong></span> <span class='ocrx_word' id='word_1_92' title='bbox 565 1695 734 1764; x_wconf 78' lang='grc' dir='ltr'><strong><em>βουλόμενος</em></strong></span> <span class='ocrx_word' id='word_1_93' title='bbox 773 1691 860 1748; x_wconf 80' lang='grc' dir='ltr'><strong><em>αὐτὸν</em></strong></span> <span class='ocrx_word' id='word_1_94' title='bbox 885 1717 979 1750; x_wconf 86' lang='lat' dir='ltr'>nonem</span> <span class='ocrx_word' id='word_1_95' title='bbox 1009 1704 1182 1769; x_wconf 88' lang='lat' dir='ltr'><strong>comprimere.</strong></span> <span class='ocrx_word' id='word_1_96' title='bbox 1208 1703 1273 1757; x_wconf 67' lang='lat' dir='ltr'>ddi</span> <span class='ocrx_word' id='word_1_97' title='bbox 1290 1703 1361 1764; x_wconf 84' lang='grc' dir='ltr'><strong><em>Ζεὺς</em></strong></span> <span class='ocrx_word' id='word_1_98' title='bbox 1382 1709 1502 1774; x_wconf 77' lang='grc' dir='ltr'><strong><em>νεφέλην</em></strong></span> 
     </span>
     <span class='ocr_line' id='line_1_16' title="bbox 244 1777 1467 1860; baseline 0.005 -22"><span class='ocrx_word' id='word_1_99' title='bbox 244 1789 340 1845; x_wconf 86' lang='grc' dir='ltr'><strong><em>ουσίας</em></strong></span> <span class='ocrx_word' id='word_1_100' title='bbox 356 1780 458 1854; x_wconf 78' lang='grc' dir='ltr'><strong><em>λόγους</em></strong></span> <span class='ocrx_word' id='word_1_101' title='bbox 474 1801 539 1835; x_wconf 84' lang='grc' dir='ltr'><strong><em>ποι·</em></strong></span> <span class='ocrx_word' id='word_1_102' title='bbox 565 1777 727 1852; x_wconf 77' lang='grc' dir='ltr'><strong><em>δοκιμάσαι,</em></strong></span> <span class='ocrx_word' id='word_1_103' title='bbox 763 1784 789 1834; x_wconf 80' lang='grc' dir='ltr'><strong><em>εἰ</em></strong></span> <span class='ocrx_word' id='word_1_104' title='bbox 823 1782 861 1846; x_wconf 76' lang='grc' dir='ltr'><strong><em>τῷ</em></strong></span> <span class='ocrx_word' id='word_1_105' title='bbox 886 1788 952 1837; x_wconf 91' lang='lat' dir='ltr'>Iuno</span> <span class='ocrx_word' id='word_1_106' title='bbox 965 1788 1033 1838; x_wconf 87' lang='lat' dir='ltr'>Iovis</span> <span class='ocrx_word' id='word_1_107' title='bbox 1050 1787 1118 1838; x_wconf 89' lang='lat' dir='ltr'>iussu</span> <span class='ocrx_word' id='word_1_108' title='bbox 1136 1805 1181 1838; x_wconf 93' lang='lat' dir='ltr'><strong><em>nu·</em></strong></span> <span class='ocrx_word' id='word_1_109' title='bbox 1243 1784 1381 1859; x_wconf 80' lang='grc' dir='ltr'><strong><em>ὁμοιώσας</em></strong></span> <span class='ocrx_word' id='word_1_110' title='bbox 1392 1785 1467 1860; x_wconf 78' lang='grc' dir='ltr'><strong><em>Ἥρᾳ</em></strong></span> 
     </span>
     <span class='ocr_line' id='line_1_17' title="bbox 244 1863 1502 1945; baseline 0.002 -20"><span class='ocrx_word' id='word_1_111' title='bbox 244 1877 347 1926; x_wconf 74' lang='grc' dir='ltr'><strong><em>εῖσθαι.</em></strong></span> <span class='ocrx_word' id='word_1_112' title='bbox 372 1869 468 1922; x_wconf 76' lang='grc' dir='ltr'><strong><em>ἔπειτα</em></strong></span> <span class='ocrx_word' id='word_1_113' title='bbox 492 1865 540 1920; x_wconf 88' lang='grc' dir='ltr'><strong><em>τὸν</em></strong></span> <span class='ocrx_word' id='word_1_114' title='bbox 565 1863 623 1920; x_wconf 83' lang='grc' dir='ltr'><strong><em>ὄντι</em></strong></span> <span class='ocrx_word' id='word_1_115' title='bbox 641 1868 731 1939; x_wconf 82' lang='grc' dir='ltr'><strong><em>τολμᾷ</em></strong></span> <span class='ocrx_word' id='word_1_116' title='bbox 743 1867 860 1928; x_wconf 71' lang='grc' dir='ltr'><strong><em>ποιῆσαι</em></strong></span> <span class='ocrx_word' id='word_1_117' title='bbox 886 1872 943 1920; x_wconf 87' lang='lat' dir='ltr'>bern</span> <span class='ocrx_word' id='word_1_118' title='bbox 953 1874 1094 1937; x_wconf 85' lang='lat' dir='ltr'>supposuit,</span> <span class='ocrx_word' id='word_1_119' title='bbox 1106 1891 1181 1938; x_wconf 88' lang='lat' dir='ltr'>quam</span> <span class='ocrx_word' id='word_1_120' title='bbox 1207 1879 1398 1945; x_wconf 83' lang='grc' dir='ltr'><strong><em>παρακοιμίζει</em></strong></span> <span class='ocrx_word' id='word_1_121' title='bbox 1420 1872 1502 1945; x_wconf 79' lang='grc' dir='ltr'><strong><em>αὐτῷ,</em></strong></span> 
     </span>
     <span class='ocr_line' id='line_1_18' title="bbox 244 1947 1182 2028; baseline -0.003 -18"><span class='ocrx_word' id='word_1_122' title='bbox 244 1957 299 2028; x_wconf 78' lang='grc' dir='ltr'><strong><em>μὲν</em></strong></span> <span class='ocrx_word' id='word_1_123' title='bbox 333 1961 390 2008; x_wconf 87' lang='grc' dir='ltr'><strong><em>Δία</em></strong></span> <span class='ocrx_word' id='word_1_124' title='bbox 426 1953 540 2008; x_wconf 66' lang='grc' dir='ltr'><strong><em>εἴδωλον</em></strong></span> <span class='ocrx_word' id='word_1_125' title='bbox 600 1955 690 2018; x_wconf 84' lang='grc' dir='ltr'><strong><em>τοῦτο,</em></strong></span> <span class='ocrx_word' id='word_1_126' title='bbox 708 1947 826 2022; x_wconf 85' lang='grc' dir='ltr'><strong><em>νεφέλην</em></strong></span> <span class='ocrx_word' id='word_1_127' title='bbox 886 1956 959 2005; x_wconf 86' lang='lat' dir='ltr'>Ixion</span> <span class='ocrx_word' id='word_1_128' title='bbox 978 1958 1083 2007; x_wconf 90' lang='lat' dir='ltr'>Iunonis</span> <span class='ocrx_word' id='word_1_129' title='bbox 1107 1959 1182 2007; x_wconf 90' lang='lat' dir='ltr'>simu·</span> 
     </span>
     <span class='ocr_line' id='line_1_19' title="bbox 244 2031 1183 2112; baseline 0.006 -24"><span class='ocrx_word' id='word_1_130' title='bbox 244 2037 541 2112; x_wconf 71' lang='grc' dir='ltr'><strong><em>ποιήσαντατῆςἭρας</em></strong></span> <span class='ocrx_word' id='word_1_131' title='bbox 586 2033 737 2097; x_wconf 82' lang='grc' dir='ltr'><strong><em>ἀπεικάσας</em></strong></span> <span class='ocrx_word' id='word_1_132' title='bbox 767 2031 840 2108; x_wconf 79' lang='grc' dir='ltr'><strong><em>Ἥρᾳ</em></strong></span> <span class='ocrx_word' id='word_1_133' title='bbox 885 2042 980 2091; x_wconf 84' lang='lat' dir='ltr'>lacrum</span> <span class='ocrx_word' id='word_1_134' title='bbox 999 2058 1052 2092; x_wconf 88' lang='lat' dir='ltr'>esse</span> <span class='ocrx_word' id='word_1_135' title='bbox 1070 2044 1183 2095; x_wconf 89' lang='lat' dir='ltr'>credidit.</span> 
     </span>
    </p>

    <p class='ocr_par' dir='ltr' id='par_1_5' title="bbox 243 2118 861 2199">
     <span class='ocr_line' id='line_1_20' title="bbox 243 2118 861 2199; baseline -0.015 -17"><span class='ocrx_word' id='word_1_136' title='bbox 243 2129 363 2199; x_wconf 87' lang='grc' dir='ltr'><strong><em>νεφέλην</em></strong></span> <span class='ocrx_word' id='word_1_137' title='bbox 380 2126 541 2190; x_wconf 77' lang='grc' dir='ltr'><strong><em>έξαποστεῖ-</em></strong></span> <span class='ocrx_word' id='word_1_138' title='bbox 566 2124 731 2197; x_wconf 82' lang='grc' dir='ltr'><strong><em>παρέκλινεν</em></strong></span> <span class='ocrx_word' id='word_1_139' title='bbox 778 2118 861 2192; x_wconf 61' lang='grc' dir='ltr'><strong><em>αὐτῷ.</em></strong></span> 
     </span>
    </p>

    <p class='ocr_par' dir='ltr' id='par_1_6' title="bbox 244 2217 300 2276">
     <span class='ocr_line' id='line_1_21' title="bbox 244 2217 300 2276; baseline 0 -11"><span class='ocrx_word' id='word_1_140' title='bbox 244 2217 300 2276; x_wconf 85' lang='grc' dir='ltr'><strong><em>λιιι,</em></strong></span> 
     </span>
    </p>
   </div>
   <div class='ocr_carea' id='block_1_4' title="bbox 242 2375 1182 2454">
    <p class='ocr_par' dir='ltr' id='par_1_7' title="bbox 242 2375 1182 2454">
     <span class='ocr_line' id='line_1_22' title="bbox 242 2375 1182 2454; baseline -0.003 -17"><span class='ocrx_word' id='word_1_141' title='bbox 242 2381 294 2437; x_wconf 85' lang='grc' dir='ltr'><strong><em>τὸν</em></strong></span> <span class='ocrx_word' id='word_1_142' title='bbox 319 2383 351 2437; x_wconf 78' lang='grc' dir='ltr'><strong><em>δέ</em></strong></span> <span class='ocrx_word' id='word_1_143' title='bbox 377 2381 476 2443; x_wconf 81' lang='grc' dir='ltr'><strong><em>Ἰξίονα</em></strong></span> <span class='ocrx_word' id='word_1_144' title='bbox 506 2380 538 2454; x_wconf 74' lang='grc' dir='ltr'><strong><em>τῇ</em></strong></span> <span class='ocrx_word' id='word_1_145' title='bbox 584 2375 599 2430; x_wconf 86' lang='grc' dir='ltr'>ὁ</span> <span class='ocrx_word' id='word_1_146' title='bbox 626 2377 658 2431; x_wconf 74' lang='grc' dir='ltr'><strong><em>δὲ</em></strong></span> <span class='ocrx_word' id='word_1_147' title='bbox 687 2382 780 2451; x_wconf 74' lang='grc' dir='ltr'><strong><em>μιγεὶς</em></strong></span> <span class='ocrx_word' id='word_1_148' title='bbox 811 2381 844 2452; x_wconf 75' lang='grc' dir='ltr'><strong><em>τῇ</em></strong></span> <span class='ocrx_word' id='word_1_149' title='bbox 887 2397 917 2429; x_wconf 89' lang='lat' dir='ltr'><strong><em>ex</em></strong></span> <span class='ocrx_word' id='word_1_150' title='bbox 935 2397 964 2430; x_wconf 84' lang='lat' dir='ltr'><strong><em>ea</em></strong></span> <span class='ocrx_word' id='word_1_151' title='bbox 975 2382 1027 2432; x_wconf 89' lang='lat' dir='ltr'>nati</span> <span class='ocrx_word' id='word_1_152' title='bbox 1045 2392 1103 2433; x_wconf 90' lang='lat' dir='ltr'>sunt</span> <span class='ocrx_word' id='word_1_153' title='bbox 1117 2384 1182 2434; x_wconf 90' lang='lat' dir='ltr'>Cen·</span> 
     </span>
    </p>
   </div>
   <div class='ocr_carea' id='block_1_5' title="bbox 242 2460 958 2882">
    <p class='ocr_par' dir='ltr' id='par_1_8' title="bbox 242 2460 958 2882">
     <span class='ocr_line' id='line_1_23' title="bbox 260 2460 958 2544; baseline -0.01 -22"><span class='ocrx_word' id='word_1_154' title='bbox 260 2472 360 2544; x_wconf 79' lang='grc' dir='ltr'><strong><em>νεφέλη</em></strong></span> <span class='ocrx_word' id='word_1_155' title='bbox 404 2471 522 2541; x_wconf 76' lang='grc' dir='ltr'><strong><em>μιγέντα</em></strong></span> <span class='ocrx_word' id='word_1_156' title='bbox 566 2466 666 2538; x_wconf 83' lang='grc' dir='ltr'><strong><em>νεφέλη</em></strong></span> <span class='ocrx_word' id='word_1_157' title='bbox 698 2460 798 2519; x_wconf 74' lang='grc' dir='ltr'><strong><em>ὡσανεὶ</em></strong></span> <span class='ocrx_word' id='word_1_158' title='bbox 828 2467 862 2538; x_wconf 77' lang='grc' dir='ltr'><strong><em>τῇ</em></strong></span> <span class='ocrx_word' id='word_1_159' title='bbox 886 2464 958 2516; x_wconf 86' lang='lat' dir='ltr'>tauri.</span> 
     </span>
     <span class='ocr_line' id='line_1_24' title="bbox 243 2545 861 2626; baseline -0.008 -19"><span class='ocrx_word' id='word_1_160' title='bbox 243 2557 376 2626; x_wconf 76' lang='grc' dir='ltr'><strong><em>γεννῆσαι</em></strong></span> <span class='ocrx_word' id='word_1_161' title='bbox 393 2555 457 2615; x_wconf 84' lang='grc' dir='ltr'><strong><em>τοὺς</em></strong></span> <span class='ocrx_word' id='word_1_162' title='bbox 475 2551 540 2606; x_wconf 84' lang='grc' dir='ltr'><strong><em>ὀνο·</em></strong></span> <span class='ocrx_word' id='word_1_163' title='bbox 560 2545 634 2622; x_wconf 76' lang='grc' dir='ltr'><strong><em>Ἥρᾳ</em></strong></span> <span class='ocrx_word' id='word_1_164' title='bbox 672 2551 735 2618; x_wconf 80' lang='grc' dir='ltr'><strong><em>ἔσχε</em></strong></span> <span class='ocrx_word' id='word_1_165' title='bbox 770 2551 861 2603; x_wconf 78' lang='grc' dir='ltr'><strong><em>παῖδα</em></strong></span> 
     </span>
     <span class='ocr_line' id='line_1_25' title="bbox 242 2629 862 2714; baseline -0.008 -21"><span class='ocrx_word' id='word_1_166' title='bbox 242 2643 417 2714; x_wconf 86' lang='grc' dir='ltr'><strong><em>μαζομένους</em></strong></span> <span class='ocrx_word' id='word_1_167' title='bbox 467 2646 540 2693; x_wconf 85' lang='grc' dir='ltr'><strong><em>Κεν-</em></strong></span> <span class='ocrx_word' id='word_1_168' title='bbox 566 2641 736 2708; x_wconf 81' lang='grc' dir='ltr'><strong><em>Κένταυρον,</em></strong></span> <span class='ocrx_word' id='word_1_169' title='bbox 753 2631 808 2708; x_wconf 82' lang='grc' dir='ltr'><strong><em>ἀφ’</em></strong></span> <span class='ocrx_word' id='word_1_170' title='bbox 829 2629 862 2688; x_wconf 83' lang='grc' dir='ltr'><strong><em>οὗ</em></strong></span> 
     </span>
     <span class='ocr_line' id='line_1_26' title="bbox 243 2719 862 2798; baseline -0.003 -20"><span class='ocrx_word' id='word_1_171' title='bbox 243 2725 362 2798; x_wconf 79' lang='grc' dir='ltr'><strong><em>ταύρους</em></strong></span> <span class='ocrx_word' id='word_1_172' title='bbox 389 2722 540 2794; x_wconf 75' lang='grc' dir='ltr'><strong><em>άνθρωπο-</em></strong></span> <span class='ocrx_word' id='word_1_173' title='bbox 565 2722 598 2775; x_wconf 86' lang='grc' dir='ltr'><strong><em>τὸ</em></strong></span> <span class='ocrx_word' id='word_1_174' title='bbox 619 2724 675 2776; x_wconf 83' lang='grc' dir='ltr'><strong><em>τῶν</em></strong></span> <span class='ocrx_word' id='word_1_175' title='bbox 694 2719 862 2790; x_wconf 83' lang='grc' dir='ltr'><strong><em>Κενταύρων</em></strong></span> 
     </span>
     <span class='ocr_line' id='line_1_27' title="bbox 243 2796 653 2882; baseline -0.01 -18"><span class='ocrx_word' id='word_1_176' title='bbox 243 2799 334 2882; x_wconf 82' lang='grc' dir='ltr'><strong><em>φυεῒς.</em></strong></span> <span class='ocrx_word' id='word_1_177' title='bbox 420 2796 425 2807; x_wconf 33' lang='lat'><em>³</em></span> <span class='ocrx_word' id='word_1_178' title='bbox 566 2811 653 2876; x_wconf 87' lang='grc' dir='ltr'><strong><em>γένος.</em></strong></span> 
     </span>
    </p>
   </div>
   <div class='ocr_carea' id='block_1_6' title="bbox 888 2959 1184 3536">
    <p class='ocr_par' dir='ltr' id='par_1_9' title="bbox 888 2959 1184 3536">
     <span class='ocr_line' id='line_1_28' title="bbox 939 2959 1179 3026; baseline 0 -16"><span class='ocrx_word' id='word_1_179' title='bbox 939 2959 963 3026; x_wconf 84' lang='lat'><strong><em>2)</em></strong></span> <span class='ocrx_word' id='word_1_180' title='bbox 981 2963 1088 3012; x_wconf 89' lang='lat' dir='ltr'>Leontei</span> <span class='ocrx_word' id='word_1_181' title='bbox 1106 2962 1179 3022; x_wconf 90' lang='lat' dir='ltr'>eod.;</span> 
     </span>
     <span class='ocr_line' id='line_1_29' title="bbox 889 3047 1180 3112; baseline -0.007 -15"><span class='ocrx_word' id='word_1_182' title='bbox 889 3047 1052 3112; x_wconf 84' lang='lat' dir='ltr'>Phlegyantis</span> <span class='ocrx_word' id='word_1_183' title='bbox 1098 3048 1180 3096; x_wconf 85' lang='lat' dir='ltr'><strong>Maur.</strong></span> 
     </span>
     <span class='ocr_line' id='line_1_30' title="bbox 888 3133 1183 3185; baseline -0.017 -1"><span class='ocrx_word' id='word_1_184' title='bbox 888 3133 1010 3185; x_wconf 88' lang='lat' dir='ltr'><strong>Schmidt.</strong></span> <span class='ocrx_word' id='word_1_185' title='bbox 1075 3133 1183 3180; x_wconf 87' lang='lat' dir='ltr'>Erravit-</span> 
     </span>
     <span class='ocr_line' id='line_1_31' title="bbox 890 3217 1183 3280; baseline -0.017 -11"><span class='ocrx_word' id='word_1_186' title='bbox 890 3236 921 3268; x_wconf 91' lang='lat' dir='ltr'><strong><em>ne</em></strong></span> <span class='ocrx_word' id='word_1_187' title='bbox 943 3219 1046 3268; x_wconf 83' lang='lat' dir='ltr'>sortasse</span> <span class='ocrx_word' id='word_1_188' title='bbox 1065 3217 1183 3280; x_wconf 89' lang='lat' dir='ltr'>Hyginus</span> 
     </span>
     <span class='ocr_line' id='line_1_32' title="bbox 890 3301 1182 3368; baseline -0.014 -15"><span class='ocrx_word' id='word_1_189' title='bbox 890 3313 915 3354; x_wconf 91' lang='lat' dir='ltr'><strong><em>et</em></strong></span> <span class='ocrx_word' id='word_1_190' title='bbox 935 3303 1034 3368; x_wconf 85' lang='lat' dir='ltr'>scripsit</span> <span class='ocrx_word' id='word_1_191' title='bbox 1050 3301 1182 3360; x_wconf 79' lang='lat' dir='ltr'>Eioneum,</span> 
     </span>
     <span class='ocr_line' id='line_1_33' title="bbox 889 3388 1184 3450; baseline -0.007 -14"><span class='ocrx_word' id='word_1_192' title='bbox 889 3388 985 3436; x_wconf 86' lang='lat' dir='ltr'>Ixionis</span> <span class='ocrx_word' id='word_1_193' title='bbox 1004 3402 1118 3436; x_wconf 83' lang='lat' dir='ltr'>socerum</span> <span class='ocrx_word' id='word_1_194' title='bbox 1139 3402 1184 3450; x_wconf 90' lang='lat' dir='ltr'><strong><em>pu·</em></strong></span> 
     </span>
     <span class='ocr_line' id='line_1_34' title="bbox 891 3474 1073 3536; baseline -0.011 -15"><span class='ocrx_word' id='word_1_195' title='bbox 891 3481 945 3521; x_wconf 85' lang='lat' dir='ltr'>tans</span> <span class='ocrx_word' id='word_1_196' title='bbox 963 3474 1073 3536; x_wconf 80' lang='lat' dir='ltr'>patrem?</span> 
     </span>
    </p>
   </div>
   <div class='ocr_carea' id='block_1_7' title="bbox 246 3713 453 3724">
    <p class='ocr_par' dir='ltr' id='par_1_10' title="bbox 246 3713 453 3724">
     <span class='ocr_line' id='line_1_35' title="bbox 246 3713 453 3724; baseline -0.019 0"><span class='ocrx_word' id='word_1_197' title='bbox 246 3713 453 3724; x_wconf 83' lang='lat'>..-—--</span> 
     </span>
    </p>
   </div>
   <div class='ocr_carea' id='block_1_8' title="bbox 247 3855 1501 4360">
    <p class='ocr_par' dir='ltr' id='par_1_11' title="bbox 247 3855 1501 4360">
     <span class='ocr_line' id='line_1_36' title="bbox 249 3855 1499 3930; baseline 0 -16"><span class='ocrx_word' id='word_1_198' title='bbox 249 3865 329 3914; x_wconf 88' lang='lat' dir='ltr'>edidit</span> <span class='ocrx_word' id='word_1_199' title='bbox 352 3861 495 3930; x_wconf 84' lang='grc' dir='ltr'><strong><em>Δηιονεάς.</em></strong></span> <span class='ocrx_word' id='word_1_200' title='bbox 530 3865 561 3914; x_wconf 87' lang='lat' dir='ltr'><strong><em>In</em></strong></span> <span class='ocrx_word' id='word_1_201' title='bbox 588 3864 704 3915; x_wconf 91' lang='lat' dir='ltr'>Diodoro</span> <span class='ocrx_word' id='word_1_202' title='bbox 727 3861 873 3926; x_wconf 88' lang='lat' dir='ltr'>Wesseling</span> <span class='ocrx_word' id='word_1_203' title='bbox 900 3862 979 3910; x_wconf 85' lang='lat' dir='ltr'>edidit</span> <span class='ocrx_word' id='word_1_204' title='bbox 1005 3855 1139 3919; x_wconf 85' lang='grc' dir='ltr'><strong><em>Ἠσιονεῑ,</em></strong></span> <span class='ocrx_word' id='word_1_205' title='bbox 1167 3861 1244 3925; x_wconf 88' lang='lat' dir='ltr'>vulgo</span> <span class='ocrx_word' id='word_1_206' title='bbox 1271 3860 1363 3925; x_wconf 86' lang='lat' dir='ltr'>legitur</span> <span class='ocrx_word' id='word_1_207' title='bbox 1385 3857 1499 3914; x_wconf 88' lang='grc' dir='ltr'><strong><em>Ἠιονεῐ.</em></strong></span> 
     </span>
     <span class='ocr_line' id='line_1_37' title="bbox 247 3930 1501 4016; baseline -0.002 -14"><span class='ocrx_word' id='word_1_208' title='bbox 247 3953 364 4003; x_wconf 88' lang='lat' dir='ltr'>Ceterum</span> <span class='ocrx_word' id='word_1_209' title='bbox 388 3954 523 4016; x_wconf 85' lang='lat' dir='ltr'>adnotem,</span> <span class='ocrx_word' id='word_1_210' title='bbox 552 3969 592 4006; x_wconf 87' lang='lat' dir='ltr'><strong><em>me</em></strong></span> <span class='ocrx_word' id='word_1_211' title='bbox 611 3937 734 4003; x_wconf 85' lang='lat' dir='ltr'>Ludovici</span> <span class='ocrx_word' id='word_1_212' title='bbox 753 3950 866 4004; x_wconf 80' lang='lat' dir='ltr'>Dindorf</span> <span class='ocrx_word' id='word_1_213' title='bbox 882 3947 994 4014; x_wconf 82' lang='lat' dir='ltr'>(Lipsiae</span> <span class='ocrx_word' id='word_1_214' title='bbox 1014 3948 1091 4012; x_wconf 83' lang='lat'>1861)</span> <span class='ocrx_word' id='word_1_215' title='bbox 1110 3930 1217 3998; x_wconf 89' lang='lat' dir='ltr'>Diodori</span> <span class='ocrx_word' id='word_1_216' title='bbox 1242 3950 1352 4000; x_wconf 85' lang='lat' dir='ltr'>editione</span> <span class='ocrx_word' id='word_1_217' title='bbox 1374 3953 1424 4009; x_wconf 81' lang='lat' dir='ltr'>uti,</span> <span class='ocrx_word' id='word_1_218' title='bbox 1450 3966 1501 4000; x_wconf 90' lang='lat' dir='ltr'><strong><em>non</em></strong></span> 
     </span>
     <span class='ocr_line' id='line_1_38' title="bbox 248 4037 1500 4106; baseline -0.003 -16"><span class='ocrx_word' id='word_1_219' title='bbox 248 4041 308 4106; x_wconf 86' lang='lat' dir='ltr'>quia</span> <span class='ocrx_word' id='word_1_220' title='bbox 319 4041 442 4106; x_wconf 77' lang='lat' dir='ltr'>optimam</span> <span class='ocrx_word' id='word_1_221' title='bbox 456 4042 530 4103; x_wconf 80' lang='lat' dir='ltr'>duco,</span> <span class='ocrx_word' id='word_1_222' title='bbox 550 4042 595 4090; x_wconf 86' lang='lat' dir='ltr'><strong><em>scd</em></strong></span> <span class='ocrx_word' id='word_1_223' title='bbox 607 4042 667 4106; x_wconf 86' lang='lat' dir='ltr'>quia</span> <span class='ocrx_word' id='word_1_224' title='bbox 678 4042 793 4105; x_wconf 89' lang='lat' dir='ltr'>despero,</span> <span class='ocrx_word' id='word_1_225' title='bbox 815 4054 855 4087; x_wconf 88' lang='lat' dir='ltr'><strong><em>me</em></strong></span> <span class='ocrx_word' id='word_1_226' title='bbox 874 4055 904 4088; x_wconf 85' lang='lat' dir='ltr'><strong><em>ex</em></strong></span> <span class='ocrx_word' id='word_1_227' title='bbox 922 4037 1083 4100; x_wconf 78' lang='lat' dir='ltr'>editionibuS,</span> <span class='ocrx_word' id='word_1_228' title='bbox 1104 4046 1229 4103; x_wconf 84' lang='lat' dir='ltr'>quotquot</span> <span class='ocrx_word' id='word_1_229' title='bbox 1245 4047 1352 4097; x_wconf 82' lang='lat' dir='ltr'>exstant,</span> <span class='ocrx_word' id='word_1_230' title='bbox 1373 4048 1500 4088; x_wconf 89' lang='lat' dir='ltr'>eruturum</span> 
     </span>
     <span class='ocr_line' id='line_1_39' title="bbox 248 4126 1498 4194; baseline -0.002 -16"><span class='ocrx_word' id='word_1_231' title='bbox 248 4145 316 4192; x_wconf 89' lang='lat' dir='ltr'>esse,</span> <span class='ocrx_word' id='word_1_232' title='bbox 342 4129 404 4194; x_wconf 86' lang='lat' dir='ltr'>quid</span> <span class='ocrx_word' id='word_1_233' title='bbox 428 4130 528 4183; x_wconf 90' lang='lat' dir='ltr'>codices</span> <span class='ocrx_word' id='word_1_234' title='bbox 552 4131 665 4194; x_wconf 82' lang='lat' dir='ltr'>tradant,</span> <span class='ocrx_word' id='word_1_235' title='bbox 693 4127 812 4193; x_wconf 83' lang='lat' dir='ltr'>quoniam</span> <span class='ocrx_word' id='word_1_236' title='bbox 837 4142 911 4190; x_wconf 85' lang='lat' dir='ltr'>saepe</span> <span class='ocrx_word' id='word_1_237' title='bbox 936 4126 999 4183; x_wconf 82' lang='lat' dir='ltr'>aliae</span> <span class='ocrx_word' id='word_1_238' title='bbox 1021 4126 1145 4175; x_wconf 87' lang='lat' dir='ltr'>editiones</span> <span class='ocrx_word' id='word_1_239' title='bbox 1164 4126 1213 4175; x_wconf 87' lang='lat' dir='ltr'>alia</span> <span class='ocrx_word' id='word_1_240' title='bbox 1230 4129 1305 4176; x_wconf 83' lang='lat' dir='ltr'>verba</span> <span class='ocrx_word' id='word_1_241' title='bbox 1324 4135 1349 4176; x_wconf 91' lang='lat' dir='ltr'><strong><em>et</em></strong></span> <span class='ocrx_word' id='word_1_242' title='bbox 1366 4129 1498 4176; x_wconf 88' lang='lat' dir='ltr'>verborum</span> 
     </span>
     <span class='ocr_line' id='line_1_40' title="bbox 247 4212 1501 4282; baseline -0.002 -15"><span class='ocrx_word' id='word_1_243' title='bbox 247 4218 323 4268; x_wconf 84' lang='lat' dir='ltr'>aliam</span> <span class='ocrx_word' id='word_1_244' title='bbox 346 4218 539 4267; x_wconf 85' lang='lat' dir='ltr'>collocationem</span> <span class='ocrx_word' id='word_1_245' title='bbox 563 4217 682 4268; x_wconf 87' lang='lat' dir='ltr'>exhibent</span> <span class='ocrx_word' id='word_1_246' title='bbox 707 4224 783 4282; x_wconf 85' lang='lat' dir='ltr'>atque</span> <span class='ocrx_word' id='word_1_247' title='bbox 806 4216 880 4264; x_wconf 87' lang='lat' dir='ltr'>aliae.</span> <span class='ocrx_word' id='word_1_248' title='bbox 918 4213 1064 4276; x_wconf 74' lang='lat' dir='ltr'>Speremus,</span> <span class='ocrx_word' id='word_1_249' title='bbox 1089 4212 1242 4264; x_wconf 83' lang='lat' dir='ltr'>Friden&#39;cum</span> <span class='ocrx_word' id='word_1_250' title='bbox 1266 4217 1348 4278; x_wconf 84' lang='lat' dir='ltr'>Vogel</span> <span class='ocrx_word' id='word_1_251' title='bbox 1374 4233 1432 4265; x_wconf 87' lang='lat' dir='ltr'><strong><em>mox</em></strong></span> <span class='ocrx_word' id='word_1_252' title='bbox 1455 4232 1501 4265; x_wconf 90' lang='lat' dir='ltr'><strong><em>nos</em></strong></span> 
     </span>
     <span class='ocr_line' id='line_1_41' title="bbox 247 4305 473 4360; baseline 0.009 -6"><span class='ocrx_word' id='word_1_253' title='bbox 247 4321 301 4354; x_wconf 92' lang='lat' dir='ltr'>esse</span> <span class='ocrx_word' id='word_1_254' title='bbox 320 4305 473 4360; x_wconf 85' lang='lat' dir='ltr'>adiuturum.</span> 
     </span>
    </p>
   </div>
   <div class='ocr_carea' id='block_1_9' title="bbox 0 0 1724 5028">
    <p class='ocr_par' dir='ltr' id='par_1_12' title="bbox 0 0 1724 5028">
     <span class='ocr_line' id='line_1_42' title="bbox 0 0 1724 5028; baseline 0 1"><span class='ocrx_word' id='word_1_255' title='bbox 0 0 1724 5028; x_wconf 95' lang='lat' dir='ltr'><strong><em> </em></strong></span> 
     </span>
    </p>
   </div>
  </div>
 </body>
</html>
