3480 5030
250 648 420 726 καλούμενα
449 648 616 730 γράμματα
644 657 764 730 πρῶτον
793 649 835 723 εἷς
864 653 918 732 τὴν
939 649 1113 734 Ἑλληνικὴν
1141 659 1322 733 μεταθεῖναι
1345 656 1508 734 ὄιάλεκτον,

252 753 303 814 καὶ
334 753 387 824 τὰς
416 752 615 835 προσηγορίας
644 747 760 838 ἑκάστην
783 756 869 829 τάξαι
898 759 948 819 καὶ
973 761 1042 831 τοὺς
1065 770 1262 842 χαρακτῆρας
1290 762 1506 823 ὸ“ιαῑαπῶσαι.<<

253 856 343 938 Quas
373 859 493 920 litteras
524 859 568 920 ait
597 857 778 940 Pelasgicas
809 862 980 938 nominari,
1017 884 1092 926 usos
1121 865 1157 926 iis
1186 885 1257 928 esse
1288 866 1420 941 Linum,
1453 866 1510 928 Or·

252 963 382 1044 pheum,
408 963 632 1044 Pronapidam,
659 963 794 1026 Homeri
820 966 1018 1048 discipulum,
1047 969 1276 1048 Thymoetam,
1304 971 1510 1050 Thymoetae

253 1067 362 1140 filium,
382 1057 621 1157 ⁴Laomedontis
642 1078 795 1149 nepotem
805 1071 839 1152 ⁰).
885 1071 1001 1134 Linum
1021 1082 1129 1136 autern
1153 1075 1316 1155 reliquisse
1333 1077 1414 1139 inter
1431 1075 1509 1138 alios

253 1172 351 1235 libros
373 1173 544 1254 Pelasgicis
568 1173 679 1235 litteris
701 1184 852 1237 exaratos
875 1175 972 1238 etiam
996 1178 1037 1240 de
1059 1179 1188 1242 Baccho
1211 1201 1356 1257 carnren;
1384 1190 1511 1262 praeter

253 1299 327 1340 eum
351 1280 448 1342 etiarn
472 1277 692 1360 Thymoetam
716 1279 839 1361 Orphei
861 1281 1040 1362 aequalem,
1066 1284 1119 1364 qui
1141 1285 1172 1345 in
1187 1285 1325 1365 Libyam
1348 1284 1510 1367 profectus

254 1385 365 1465 Nysae
387 1385 438 1447 dei
462 1383 603 1447 facinora
626 1384 667 1447 ab
692 1385 768 1467 ipsis
786 1386 895 1448 incolis
911 1389 1113 1468 compererit,
1136 1391 1357 1471 composuisse
1372 1411 1509 1465 carmen,

253 1493 341 1572 qu'od
364 1491 540 1571 Phrygium
563 1491 761 1566 nominetur,
790 1493 962 1572 »ἀρχαϊκοῖς
983 1494 1022 1575 τῇ
1042 1515 1074 1552 τε
1094 1491 1241 1578 διαλέκτῳ
1261 1496 1311 1555 καὶ
1334 1504 1397 1568 τοῖς
1417 1495 1511 1577 γράμ-

251 1615 328 1676 μασι
340 1596 561 1680 χρησάμενονα.
607 1594 720 1676 Atque
736 1596 828 1657 huius
844 1597 1019 1676 pervetusti
1035 1599 1182 1660 carminis
1199 1609 1424 1680 argumentum
1440 1621 1510 1681 pro·

254 1703 363 1783 posuit
376 1700 621 1781 Scytobrachio‚
643 1709 679 1762 ut
697 1701 814 1763 diserte
826 1700 990 1762 Diodorus
1005 1722 1030 1764 c.
1040 1703 1081 1763 68
1095 1705 1114 1782 ξ
1130 1719 1141 1762 1
1157 1712 1300 1779 testatur,
1323 1705 1376 1784 qui
1388 1706 1510 1786 pergit:

258 1807 348 1890 »φησὶ
371 1799 402 1868 d‘
429 1801 497 1868 οὖνο
524 1808 580 1886 (sc.
608 1805 762 1886 Θυμοίτης
784 1805 815 1866 ἐν
837 1802 875 1889 τῇ
902 1807 1021 1893 Φρυγίη
1044 1805 1246 1893 ὀνομαζομένῃ
1268 1810 1395 1889 ποιήσει)
1420 1809 1441 1891 ).

340 1913 390 1974 Εη
412 1921 558 1974 tenemus
581 1911 730 1992 antiquos
753 1921 868 1993 poetas
891 1922 923 1975 et
945 1913 1221 1994 mythographoS,
1245 1934 1336 1994 quos,
1362 1915 1513 1996 quoniam

239 2038 431 2106 ¹numquam
454 2017 616 2094 vixerunt,
646 2037 719 2078 cum
749 2017 972 2080 recentissimis
1003 2019 1062 2080 illis
1089 2017 1254 2099 »Libycis«
1282 2019 1396 2082 fabulis
1418 2020 1513 2102 plane

255 2123 435 2186 consentire
458 2123 582 2203 optime
605 2122 708 2201 quivis
729 2122 834 2202 potuit
856 2121 1025 2186 affirmare.
1071 2123 1168 2186 Tales
1189 2124 1284 2205 igitur
1297 2134 1371 2186 sunt
1393 2127 1512 2206 ἀρχαῖοι

235 2217 374 2308 'normal
406 2228 456 2288 καὶ
489 2226 674 2307 μυθολόγοι,
713 2246 851 2305 quorum
889 2238 1042 2309 poemata
1080 2230 1185 2292 attulit
1221 2230 1425 2291 doctissimus
1462 2229 1513 2293 ille

243 2334 431 2422 'Dionysius
454 2331 707 2413 Scytobrachiol
752 2332 864 2412 Itaque
894 2355 988 2396 verus
1018 2344 1067 2397 est
1098 2335 1243 2397 aemulus
1273 2326 1443 2396 Euhemeri
1474 2354 1513 2396 eo

257 2441 345 2518 quod
368 2441 448 2501 deos
470 2439 552 2500 sicut
573 2438 718 2499 homines
741 2437 831 2518 fingit
853 2448 886 2501 et
908 2441 1016 2501 omnia
1038 2439 1209 2514 mirabilia,
1231 2459 1314 2518 quae
1336 2440 1515 2502 cecinerant

177 2629 179 2633 ι
255 2553 374 2624 poetae
398 2543 519 2623 antiqui
542 2552 575 2604 et
598 2543 640 2623 pii
657 2541 771 2605 Graeci
788 2543 935 2625 religiose
957 2554 1157 2626 putaverant,
1181 2546 1222 2607 ad
1237 2545 1321 2607 vitae
1337 2546 1515 2607 communis

256 2650 395 2712 rationes
417 2650 591 2728 detorquet
612 2657 645 2708 et
667 2648 820 2721 debilitat,
844 2650 1015 2712 sedetiam
1031 2670 1095 2713 non
1114 2650 1198 2712 male
1212 2650 1514 2731 Hegesianactem⁸)

257 2755 555 2818 Alexandrinume
579 2753 724 2828 Troade,
749 2755 803 2834 qui
826 2753 941 2816 librum
964 2754 1114 2826 debello
1138 2755 1281 2836 Trojano
1303 2754 1364 2817 sub
1386 2755 1514 2816 nomine

257 2860 453 2943 Cephalonis
488 2858 633 2941 Gergithi
664 2860 806 2940 scripsit,
840 2857 1016 2940 Dionysius
1045 2861 1185 2924 imitatus
1215 2871 1263 2924 est
1291 2881 1330 2922 eo
1354 2862 1441 2940 quod
1464 2880 1515 2921 au·

255 2969 365 3030 dacter
398 2966 597 3029 somniorum
627 2985 758 3027 suorum
789 2965 885 3045 digna
915 2965 1022 3028 attulit
1050 2967 1233 3028 testimonia
1263 2965 1451 3046 antiquitate
1483 2974 1515 3026 et

258 3073 386 3134 raritate
430 3071 711 3133 venerabilissima.
771 3069 885 3149 Itaque
924 3091 988 3133 non
1027 3072 1158 3133 doctum
1202 3092 1237 3133 se
1280 3069 1515 3150 Scytobrachio

256 3176 392 3256 praebet
408 3177 665 3256 grammaticum,
689 3175 745 3236 sed
764 3175 953 3255 scriptorem
975 3175 1283 3249 historiuncularum,
1308 3174 1419 3256 quales
1443 3175 1515 3237 inde

257 3282 298 3344 ab
321 3281 493 3343 Euhemeri
525 3289 631 3342 aetate
661 3299 762 3358 usque
791 3281 832 3341 ad
861 3280 983 3361 Dictyn
1010 3291 1042 3343 et
1070 3281 1191 3343 Darem
1221 3301 1349 3362 semper
1378 3281 1515 3362 scriptae

257 3396 331 3449 sunt
353 3395 386 3449 et
408 3386 544 3448 libenter
566 3385 736 3448 lectitatae.
781 3385 944 3447 Diodorus
967 3387 1114 3449 nimirum
1143 3387 1171 3449 ei
1197 3386 1395 3449 adverbum
1418 3387 1514 3448 credi·

257 3493 303 3555 dit
333 3493 415 3555 sicut
445 3492 646 3564 Euhemero,
679 3489 767 3551 cuius
797 3499 981 3552 commenta
1011 3493 1052 3554 de
1080 3493 1247 3555 Panchaea
1278 3492 1379 3554 insula
1410 3491 1447 3572 (l.
1472 3491 1513 3552 V.

258 3620 284 3660 c.
307 3598 445 3679 41-46)
477 3597 613 3659 fideliter
643 3594 780 3677 refert9).
825 3595 939 3676 Neque
972 3597 999 3658 ei
1033 3597 1092 3660 soli
1126 3599 1276 3679 contigit,
1311 3595 1514 3659 ariolationes

342 3768 365 3835 θ)
394 3769 517 3820 Consulto
537 3768 621 3828 omisi,
649 3784 714 3832 quae
733 3765 769 3832 ἐξ
788 3781 802 3815 2
821 3777 878 3832 et3
902 3769 990 3832 capitis
1009 3769 1041 3832 67
1066 3770 1083 3820 l.
1103 3772 1143 3819 ΙΙΙ
1161 3770 1286 3834 leguntur.
1323 3769 1419 3817 Censeo
1438 3767 1513 3824 enim,
1539 3821 1542 3826 ¹

256 3859 302 3907 has
328 3857 502 3923 paragraphus
536 3874 549 3906 a
577 3856 694 3905 Diodoro
728 3873 783 3906 esse
812 3857 984 3921 interpolatas.
1028 3857 1094 3907 Vide
1122 3857 1192 3922 quod
1220 3858 1284 3907 infru.
1311 3876 1342 3908 c*
1360 3857 1386 3905 ll
1419 3857 1450 3904 de
1481 3856 1516 3904 eis

257 3948 412 3997 disseremus.

344 4033 366 4100 ⁷)
394 4036 449 4084 Iam
467 4035 573 4085 Carolus
593 4034 686 4084 Muller
709 4033 744 4082 ita
765 4049 791 4081 se
814 4049 867 4082 rem
890 4033 984 4082 habere
1007 4035 1143 4097 cognovit;
1170 4051 1194 4084 v.
1218 4034 1307 4097 fragm.
1327 4034 1413 4082 histor.
1433 4047 1524 4098 graec..

257 4126 309 4174 vol.
328 4126 363 4174 II.
382 4142 407 4190 p.
426 4125 441 4174 6
459 4141 497 4189 sq.
517 4130 604 4172 uotam
622 4119 690 4172 W.
727 4121 777 4170 Sed
796 4121 947 4171 concludere
965 4122 1049 4170 omisit
1066 4124 1136 4186 quod
1155 4123 1294 4172 necessario
1314 4123 1430 4187 sequitur.

343 4211 367 4279 ⁸)
393 4231 417 4264 v.
441 4214 601 4262 Athenaeum
620 4213 667 4262 IX.
692 4228 717 4276 p.
736 4225 785 4274 393
801 4212 832 4259 d:
863 4206 877 4260 d
902 4208 932 4260 δὲ
956 4210 1140 4277 Κεφαλίωνος
1165 4205 1380 4280 ἐπιγραφόμενα
1408 4203 1514 4274 Τρωικὰ

258 4305 383 4360 συνθεὶς·
400 4297 571 4370 Ἡγησιάναξ
588 4297 602 4353 ὃ
618 4296 818 4368 Ἀλεξανδρεύς.
857 4299 916 4348 Hoc
937 4313 987 4346 uno
1011 4297 1069 4346 loco
1097 4316 1189 4348 nomen
1215 4299 1365 4366 Κεφαλίων
1392 4299 1513 4359 scribitur,

193 4429 195 4434 .
258 4391 374 4439 omnibus
392 4390 446 4438 aliis
464 4382 621 4459 Κεφάλωνι
642 4407 665 4441 ν.
685 4389 770 4438 Caroli
790 4389 881 4437 lluller
902 4385 991 4450 fragm.
1009 4386 1068 4436 hist.
1087 4403 1170 4450 graec.
1188 4387 1239 4436 vol.
1261 4386 1309 4434 lll.
1328 4403 1352 4450 p.
1371 4384 1403 4432 68
1422 4402 1476 4450 sqq.

344 4476 367 4544 9)
394 4495 417 4530 ν.
436 4479 543 4528 Rohde:
571 4480 623 4528 Der
640 4477 796 4541 griechische
814 4479 914 4525 Roman
933 4492 958 4539 p.
977 4488 1034 4538 231.
