3480 5030
749 347 962 410 ..47-

224 504 312 570 velut
328 512 503 575 auctorem,
527 523 625 584 quem
641 522 667 563 c.
686 516 721 580 17
747 500 924 580 descripsit,
947 501 1137 581 praesertim
1150 487 1233 561 'cum
1255 521 1295 562 ne
1312 501 1341 563 ei
1356 501 1486 580 quidem

224 609 402 690 contigerit,
426 620 460 669 ut
482 608 590 668 omnia
612 605 768 668 mirabilia
790 604 935 679 tolleret,
965 605 1118 684 quoniam
1142 603 1238 666 nihilo
1262 605 1366 668 minus
1392 608 1487 669 deam

225 715 388 776 Auroram
408 711 591 774 Memnonis
612 731 750 773 uxorem
774 709 870 772 fuisse
891 711 1034 771 adnotat.

310 836 423 918 Capite
450 852 493 916 74
521 837 683 899 Diodorus
712 835 826 908 tradit,
858 833 1033 896 Tantalum
1055 834 1141 896 Iovis
1171 833 1271 896 filium
1299 854 1486 914 procreasse

223 943 377 1023 Pelopem
400 951 433 1003 et
454 941 605 1003 Niobam.
650 942 778 1004 Tantali
802 949 910 1003 autem
931 947 1053 1000 sortem
1074 947 1142 1000 tam
1162 938 1302 1002 breviter
1323 938 1486 1005 Diodorus
1515 976 1517 980 ·

225 1047 329 1121 refert,
352 1057 387 1109 ut
409 1046 485 1108 nihil
508 1066 566 1108 nos
588 1047 712 1121 doceat,
736 1066 810 1108 cum
836 1065 900 1107 non
923 1043 1067 1104 discedat
1087 1042 1128 1104 ab
1143 1043 1219 1104 exili
1234 1042 1341 1106 fabula
1355 1045 1487 1126 vulgata

225 1151 277 1234 (cf.
303 1152 391 1232 Hyg.
415 1151 477 1233 82),
502 1151 560 1212 nisi
583 1171 622 1212 eo
645 1151 732 1231 quod
754 1148 910 1212 mirabilia
933 1167 1053 1209 exosus
1069 1147 1196 1209 Tantali
1212 1169 1334 1229 poenas
1357 1152 1485 1214 omittit.

225 1257 268 1318 Et
299 1275 496 1336 quamquam
525 1255 623 1317 etiam
645 1257 686 1317 de
708 1255 815 1317 Nioba
838 1253 964 1316 fabulae
988 1252 1136 1315 umbram
1158 1254 1257 1315 modo
1281 1262 1314 1316 et
1345 1256 1486 1335 speciem
1545 1271 1549 1280 ’

225 1361 388 1422 Diodorus
402 1349 558 1433 servavit,
575 1370 684 1421 tamen
701 1368 821 1440 quanta
836 1357 1059 1439 propinquitas
1075 1358 1106 1418 in
1120 1357 1182 1419 hac
1198 1357 1306 1421 sabula
1322 1359 1486 1422 reserenda

225 1467 400 1528 intercedat
423 1466 504 1527 inter
527 1463 785 1545 Apollodorum,
815 1463 1001 1544 Hyginum,
1032 1461 1214 1526 Diodorum
1237 1484 1430 1544 cognosces,
1461 1465 1486 1527 si

225 1572 324 1632 modo
348 1571 535 1632 recordatus
557 1571 626 1643 eris,
651 1569 829 1650 permultas
852 1567 947 1630 fuisse
970 1568 1074 1628 varias
1095 1568 1188 1630 huius
1211 1566 1337 1631 fabulae
1356 1569 1484 1645 formas

225 1676 307 1736 sicut
328 1695 402 1736 curn
425 1673 477 1735 alii
493 1682 562 1735 tum
578 1672 772 1736 bibliotheca
788 1694 819 1755 p.
835 1688 878 1752 90
900 1671 920 1733 l.
936 1689 956 1751 9
972 1691 1043 1752 sqq.
1061 1680 1094 1734 et
1109 1673 1266 1734 scholium
1275 1671 1324 1735 'ad
1338 1673 1485 1736 Phoenis-

228 1799 335 1840 sarum
358 1799 387 1839 v.
416 1793 474 1858 159
499 1786 665 1840 testantur.
1122 1776 1125 1782 ’

284 1923 389 1972 Diodor.
408 1922 455 1971 IV.
476 1933 516 1983 74,
538 1936 560 1970 2.
698 1921 761 1970 bibl.
779 1937 805 1985 p.
824 1933 865 1984 90,
886 1921 904 1969 l.
925 1934 941 1983 9
961 1936 1016 1984 sqq.
1178 1922 1246 1985 Hyg.
1266 1921 1319 1972 sab.
1339 1923 1386 1971 IX.

274 2009 341 2074 αὕτη
354 2005 510 2074 (εο.Νιόβη)
521 2004 545 2060 δ’
558 2009 630 2076 ἐγέν·
705 2005 833 2079 Ἀμφίων
844 2008 873 2060 di
884 2002 1061 2076 (γαμεῖ)Νιό-
1087 2010 1270 2075 ...Amphion
1294 2010 1320 2058 in
1340 2012 1485 2076 coniugium

229 2113 312 2162 νησεν
330 2094 409 2156 υἱοὺς
426 2097 497 2149 ἑπτὰ
516 2101 562 2150 καὶ
580 2102 630 2148 dv·
656 2091 961 2163 βηντὴνΤαντσῖλου,ἣ
975 2099 1060 2164 γεννᾷ
1087 2097 1197 2147 Niobam
1221 2099 1322 2148 Tantali
1347 2108 1371 2149 et
1389 2101 1486 2150 Diones

229 2189 346 2256 γατέρας
364 2185 413 2245 τὰς
431 2185 513 2250 ἴσοις,1
533 2185 629 2253 εὐπρε-
656 2186 763 2244 παῖδας
774 2185 828 2256 μὲν
840 2180 911 2236 ἑπτὰ
922 2222 927 2235 .
939 2223 945 2236 .
956 2223 962 2236 .
973 2190 1060 2252 θυγα-
1086 2185 1164 2234 filiam
1183 2186 1289 2251 accepit,
1310 2204 1341 2237 ex
1361 2205 1411 2254 qua
1428 2206 1485 2254 pro·

230 2278 296 2340 πείᾳ
315 2271 511 2342 διαφερούσας.
660 2275 739 2342 τέρας
758 2271 789 2324 δὲ
808 2267 856 2330 τὰς
874 2273 1006 2332 ἴσας’...
1085 2274 1178 2324 creavit
1196 2275 1288 2325 liberos
1309 2285 1407 2341 septem
1428 2277 1485 2327 toti-

1086 2363 1194 2428 demque
1211 2363 1296 2414 filias.1

281 2447 330 2498 ἐπὶ
351 2447 381 2499 δὲ
400 2449 438 2515 τῷ
455 2447 559 2515 πλήθει
574 2453 629 2502 τῶν
798 2443 925 2508 εὔτεκνος
937 2448 969 2501 δὲ
988 2442 1058 2502 οὖσα
1137 2451 1220 2514 Quem
1263 2461 1362 2518 partum
1401 2455 1485 2504 Niobe

230 2537 330 2586 τέκνων
343 2539 417 2606 μέγα
433 2541 629 2606 φρυαττομένη
659 2535 749 2605 Νιόβη
943 2520 946 2529 ¹
1085 2539 1198 2590 Latonae
1216 2543 1417 2606 anteposuit...

230 2619 378 2683 πλεονάκις
409 2625 548 2696 ἐκαυχᾶτο
583 2632 629 2680 καλ
659 2630 706 2693 τῆς
767 2631 882 2692 Λητοῦς
936 2621 1059 2678 εὐτεκνο-

229 2713 277 2778 τῆς
299 2719 412 2779 Λητοῦς
433 2710 535 2779 ἑαυτὴν
555 2715 629 2768 εὐτε·
660 2721 725 2782 τέρα
774 2713 871 2769 εἶπενῖ
916 2709 1061 2784 ὑπάρχειν.

228 2799 628 2874 κνοτέρανῖἆπεφαίνετοεῖβ
659 2801 746 2871 Λητὼ
776 2805 808 2858 δὲ
845 2796 1061 2872 ἀγανακτήσασα

229 2885 243 2950 ri
270 2891 322 2961 μὲν
342 2884 442 2960 κιΛητὼ
469 2886 539 2942 κατὰ
566 2891 630 2950 τοὺς
659 2887 709 2957 τήν
728 2911 757 2945 τε
779 2885 907 2965 ’Ἀρτεμιν
936 2894 982 2943 καὶ
1012 2889 1061 2942 τὸν

228 2975 341 3047 μύθους
352 2981 535 3046 χολωσαμένη
553 2997 631 3049 προς·
658 2975 784 3035 Ἀπόλλω
802 2977 861 3032 κατ’
885 2975 974 3033 αὐτῶν
992 2997 1061 3048 παρ·

232 3069 306 3127 ἔταξε
316 3066 355 3133 τῷ
366 3061 574 3134 μὲνἈπόλλωνι
583 3085 631 3118 κα·
661 3063 754 3131 ω’ξυνε,
770 3072 816 3120 καὶ
826 3064 875 3127 τὰς
884 3068 937 3136 μὲν
949 3073 1062 3135 θηλείας
1141 3072 1183 3120 Ob
1201 3073 1226 3120 id
1239 3074 1333 3138 Apollo
1351 3077 1417 3127 filios
1432 3079 1485 3128 eius

232 3155 393 3220 ῐαῒοξὲῡῦαι
413 3153 478 3213 τοὺς
496 3152 575 3212 υἱοὺς
587 3155 633 3220 τῆς
661 3159 861 3225 anteponat
871 3153 1062 3215 κατετόξευσεν
1088 3160 1115 3208 in
1145 3161 1207 3210 silva
1235 3170 1354 3213 venantes
1388 3166 1486 3230 sagittis

233 3236 349 3308 Νιόβης,
379 3244 412 3314 τῇ
442 3239 467 3292 d'
494 3239 632 3312 Ἀρτέμιδι
656 3241 806 3316 Ἄρτεμις,Β
824 3244 889 3303 τοὺς
902 3239 935 3298 riiv
946 3239 1063 3317 ἄρρενας
1088 3249 1213 3300 interfecit
1232 3257 1256 3299 et
1277 3251 1362 3302 Diana
1379 3253 1443 3304 filias
1460 3256 1487 3305 in

232 3329 281 3388 τὰς
320 3333 484 3403 θυγατέρας.
527 3329 634 3384 τούτων
661 3333 740 3405 κοινῇ
751 3328 859 3391 πάντας
869 3335 1063 3404 λνΚιθαιρῶνι
1088 3338 1158 3401 regia
1175 3337 1373 3392 interemitss...

232 3414 260 3470 δ’
274 3413 495 3472 ὑπακουσάντων
506 3421 540 3491 τῇ
547 3423 633 3490 μητρὶ
660 3419 803 3475 Ἀπόλλων
843 3431 1063 3490 κυνηγετοῦντας

232 3502 347 3558 καὶτὸν
366 3502 452 3560 αὐτὸν
472 3507 572 3580 καιρὸν
584 3528 632 3561 κα·
663 3506 840 3564 ἀπέκτεινεν4
928 3509 994 3578 αὐτὴ
1031 3513 1061 3566 δὲ

232 3590 458 3656 τατοξευσάντων
487 3593 521 3648 τὰ
551 3601 632 3650 τέκνα
662 3593 751 3665 Νιόβη
835 3585 898 3664 ἧκεν
914 3604 953 3662 εἰς
970 3606 1064 3654 Σίπυ-
1140 3606 1175 3653 At
1192 3605 1305 3669 genetrix
1322 3607 1407 3656 liberis
1428 3609 1488 3657 orba

233 3685 280 3748 τῆς
305 3681 423 3752 Νιόβης,
453 3684 555 3752 συνέβη
583 3682 634 3751 τὴν
663 3691 724 3754 λον,
752 3686 831 3741 κτλκεῖ
853 3691 902 3741 Διὶ
930 3686 1063 3760 εὐξαμένη
1090 3692 1174 3742 flendo
1489 3680 1492 3684 ,

233 3777 437 3842 προειρημένην
451 3772 497 3845 ὑφ’
512 3774 561 3828 ἕνα
573 3793 632 3826 και·
663 3771 715 3843 τὴν
732 3771 849 3848 μορφὴν
867 3781 906 3836 εἰς
920 3782 1002 3830 λίθον
1013 3796 1064 3846 με·
1090 3779 1190 3844 lapidea
1207 3780 1273 3831 sacta
1291 3799 1343 3832 esse
1357 3783 1448 3834 dicitur
1461 3787 1487 3834 in

236 3859 287 3929 ρὸν
310 3857 390 3922 ὀξέως
418 3855 478 3932 ἅμα
506 3862 635 3916 εὔτεκνον
663 3863 799 3931 reparent
1090 3867 1359 3934 montesipy10⁶...

233 3951 278 4000 καὶ
296 3943 410 4004 ἄτεκνον
430 3955 568 4019 γενέσθαι.
701 3957 702 3960 ’

319 4058 370 4119 De
400 4058 528 4140 Pelopis
562 4070 670 4122 autem
703 4071 790 4123 sorte
823 4061 928 4141 capite
955 4077 995 4141 73
1024 4063 1187 4126 Diodorus
1216 4059 1355 4145 disserit;
1394 4069 1490 4131 distat

236 4163 365 4243 quidem
386 4163 545 4228 nonnullis
567 4166 747 4229 nominibus
770 4187 808 4228 ac
828 4166 924 4228 rebus
946 4169 987 4229 ab
1010 4168 1132 4250 Hygini
1155 4169 1263 4233 fabula
1286 4172 1342 4248 84,
1366 4175 1423 4237 sed
1445 4194 1489 4236 re-

235 4268 400 4348 periuntur
419 4270 533 4331 eadem
553 4271 584 4332 in
606 4271 746 4333 Tzetzae
769 4272 811 4333 ad
833 4271 1076 4352 Lycrophronis
1099 4296 1128 4338 v.
1152 4276 1211 4354 156
1232 4276 1370 4354 scholio,
1402 4283 1489 4361 quod
