3480 5030
758 411 975 488 ...37-

234 584 408 649 Posidonio
446 582 582 664 petitum
618 600 688 643 esse
723 579 787 641 iam
825 575 1023 640 Christianus
1059 574 1099 639 G.
1130 575 1248 655 Heyne
1284 571 1497 654 cognovitffl).

235 691 352 754 Eidem
381 688 479 750 etiam
508 695 607 767 caput
641 701 678 763 19
707 683 817 746 tribuit
844 681 926 745 Otto
957 680 1093 744 Sieroka
1118 683 1161 761 (p.
1186 680 1248 758 24).
1295 676 1361 741 Sed
1391 697 1500 759 quam-

237 814 336 875 quam
376 791 619 855 concedendum
657 798 722 862 est,
766 788 949 851 Diodorum
994 787 1065 850 libri
1101 784 1134 847 V
1177 782 1336 865 capitibus
1373 796 1498 862 25-32

236 899 413 962 secundum
455 896 662 960 Posidonium
712 892 880 957 Gallorum
931 902 1050 955 terram
1096 908 1268 970 moresque
1309 887 1498 962 describere,

236 1014 347 1069 tamen
380 1004 477 1065 etiam
510 1001 579 1064 libri
607 999 656 1062 IV
689 1008 788 1080 caput
823 1015 861 1079 19
893 1000 935 1060 ad
971 998 1108 1060 eundem
1142 1003 1289 1076 spectare
1323 992 1400 1056 mihi
1435 1013 1500 1055 non

236 1111 363 1173 videtur
395 1128 465 1171 esse
495 1107 767 1179 demonstratum,
802 1124 877 1166 cum
905 1105 938 1165 in
966 1123 1006 1165 eo
1035 1099 1111 1164 nihil
1140 1099 1201 1162 illis
1227 1097 1330 1161 simile
1363 1099 1499 1160 invenia-

236 1225 305 1289 tur,
341 1213 399 1276 nisi
429 1214 519 1293 quod
539 1209 696 1273 Hercules
725 1230 769 1272 ex
798 1208 956 1290 Hispania
976 1226 1123 1269 reversus
1144 1204 1291 1267 Alesiam
1313 1203 1500 1267 condiderit.

237 1319 382 1382 Maxime
415 1337 492 1382 vero
528 1324 702 1396 propterea
739 1314 845 1376 solum
885 1320 982 1393 caput
1019 1327 1060 1374 20
1098 1309 1270 1373 Posidonio
1308 1308 1498 1383 adscribam,

236 1423 326 1498 quod
356 1423 398 1482 ad
424 1418 599 1481 Herculem
630 1418 761 1481 omnino
792 1438 857 1480 non
886 1418 1024 1498 pertinet
1051 1425 1100 1492 et,
1133 1415 1160 1477 si
1189 1416 1332 1487 deesset,
1364 1422 1451 1476 certe
1481 1432 1500 1476 a

236 1523 365 1585 nemine
395 1522 458 1585 hoc
486 1523 561 1584 loco
594 1522 837 1584 desideraretur.
882 1521 996 1601 Itaque
1025 1540 1124 1583 unum
1154 1518 1232 1582 illud
1261 1539 1280 1580 a
1305 1518 1451 1581 Diodoro
1481 1539 1500 1581 e
1570 1501 1596 1512 Η

238 1627 390 1689 Posidoni
432 1628 473 1688 de
502 1625 658 1705 Ligurum
695 1626 969 1688 commentatione
1006 1624 1230 1705 interpositum
1269 1643 1340 1686 esse
1374 1624 1500 1687 videtur

239 1730 410 1793 narrationi
437 1729 586 1793 Herculis
608 1729 824 1809 expeditionis
844 1749 862 1790 e
885 1728 974 1791 fonte
999 1738 1055 1791 aut
1086 1727 1228 1791 lontibus
1254 1729 1296 1792 ab
1320 1729 1499 1810 Apamensi

238 1834 349 1897 alienis
370 1842 520 1914 sumptae
529 1833 580 1913 4⁹).
610 1832 696 1895 Tum
718 1834 933 1896 secernendae
956 1841 1030 1896 sunt
1052 1832 1166 1914 capitis
1193 1833 1230 1894 18
1254 1835 1274 1912 ξ
1296 1848 1391 1914 4-7,
1419 1853 1499 1914 quas

239 1959 314 2002 cum
350 1938 507 2020 proximis
547 1957 612 1999 non
648 1936 822 1999 cohaerere
858 1937 922 2000 iarn
960 1937 1081 1999 Holzer
1117 1956 1149 2018 p.
1191 1951 1228 2017 17
1264 1938 1497 2002 animadvertit.

239 2043 403 2106 Diodorus
439 2043 525 2105 enim
555 2042 724 2104 occasione
753 2041 831 2104 data
858 2062 923 2106 non
952 2042 1058 2105 solum
1089 2041 1130 2105 de
1161 2042 1287 2123 magnis
1316 2044 1497 2125 aggeribus,

240 2148 355 2230 quibus
391 2147 548 2210 Hercules
586 2166 674 2210 mare
713 2147 982 2210 mediterraneum
1018 2146 1184 2220 clauserit,
1229 2147 1287 2208 sed
1324 2147 1421 2210 etiam
1459 2149 1500 2211 de

240 2253 395 2316 similibus
425 2251 577 2333 operibus
606 2252 638 2313 in
667 2252 763 2314 Penei
792 2251 875 2313 valle
905 2261 939 2313 et
967 2253 999 2315 in
1028 2253 1163 2316 Boeotia
1196 2252 1237 2315 ab
1271 2272 1311 2315 eo
1345 2250 1499 2315 confectis

239 2358 374 2422 disserit.
420 2355 513 2436 Quae
544 2377 579 2418 se
615 2355 742 2419 aliunde
775 2355 970 2437 interpolare
999 2358 1067 2438 ipse
1096 2359 1234 2440 scriptor
1262 2358 1380 2421 diserte
1412 2358 1496 2420 dicit:

243 2463 347 2541 »ἡμεῖς
375 2455 405 2522 δ’
440 2460 502 2521 ἐπεὶ
527 2460 594 2543 περὶ
623 2469 685 2522 τῶν
713 2457 895 2543 Ἡρακλέους
923 2464 1042 2540 στηλῶν
1063 2461 1259 2542 ἐμνήσθημεν
1287 2461 1394 2524 οἲκεῒον
1421 2455 1495 2522 εἶναι

239 2565 397 2646 νομίζομεν
417 2566 484 2649 περὶ
507 2567 608 2628 αὐτῶν
629 2565 790 2640 διελθεῖν.«
837 2567 977 2629 Fontem
1000 2565 1106 2630 solum
1128 2568 1323 2649 paragraphi
1337 2567 1495 2649 septimae

239 2673 462 2735 demonstrare
484 2691 634 2753 possum:
657 2670 767 2732 itidem
790 2671 875 2732 enim
891 2670 1064 2734 Herculem
1087 2671 1119 2733 in
1139 2672 1274 2735 Boeotia
1296 2670 1437 2744 fluvium,
1463 2681 1496 2735 et

240 2776 416 2859 Cephisum
429 2777 568 2857 quidem,
586 2775 756 2850 derivasse,
772 2776 817 2839 ita
832 2784 867 2838 ut
882 2795 948 2838 non
963 2775 1100 2856 amplius
1114 2775 1146 2838 in
1162 2796 1251 2839 mare
1265 2775 1419 2852 influeret,
1436 2779 1495 2840 sed

239 2883 270 2944 in
292 2883 424 2964 regione
436 2881 728 2944 Orchomeniorum
743 2880 895 2960 paludem
910 2878 1061 2953 efficeret,
1079 2880 1176 2943 etiam
1192 2880 1364 2945 Pausanias
1382 2882 1438 2945 IX.
1454 2885 1494 2963 38

326 3153 363 3220 48)
387 3171 411 3206 v.
431 3154 479 3204 »de
497 3153 610 3203 fontibus
622 3153 740 3204 historiae
752 3154 875 3204 Diodori«
892 3163 950 3205 ante
963 3155 1070 3205 Diodori
1082 3154 1221 3205 editionem
1232 3153 1356 3203 Ludovici
1368 3155 1482 3205 Dindorl
1489 3175 1493 3205 :

242 3250 303 3293 tom.
317 3244 337 3294 1.
355 3261 382 3309 p.
396 3243 495 3292 XLIII.
532 3242 638 3292 Carolus
651 3241 806 3292 Mu11enh0ff
814 3243 952 3307 (Deutsche
964 3242 1190 3292 Altertumskunde
1201 3243 1223 3291 1.
1237 3259 1263 3307 p.
1275 3242 1337 3310 441)
1352 3245 1378 3293 in
1390 3245 1497 3296 Diodori

242 3332 261 3382 1.
285 3331 331 3382 IV.
355 3347 377 3382 c.
396 3344 429 3380 20
460 3330 581 3380 Posidoni
607 3332 663 3396 ipsa
680 3329 805 3394 elegantia
823 3332 900 3380 verba
916 3346 1070 3394 cognoscere
1087 3331 1135 3381 sibi
1154 3330 1261 3382 videtur.
1297 3331 1397 3382 Collato
1415 3343 1498 3386 autern

241 3419 499 3470 Pseudo-Aristotelis
518 3419 672 3469 mirabilium
690 3418 903 3468 auscultationum
926 3433 949 3469 c.
966 3431 995 3481 91
1017 3418 1085 3469 idem
1102 3419 1140 3468 vir
1157 3418 1311 3468 admirabilis
1328 3421 1415 3470 statuit
1432 3422 1494 3472 hoc:

244 3509 320 3558 »Scin
339 3506 396 3573 (des
414 3506 574 3574 Posidonios)
593 3506 661 3556 ohne
679 3506 783 3556 Zweifel
801 3507 950 3556 litterarisch
967 3507 1107 3572 gebildeter
1125 3506 1281 3557 Gastt'reund
1303 3508 1347 3558 hat
1369 3509 1421 3558 ihm
1445 3510 1499 3560 also

242 3597 309 3646 wohl
333 3613 380 3646 nur
402 3597 458 3646 eine
483 3596 562 3646 sehon
585 3593 669 3643 frtther
694 3593 739 3658 (sc.
758 3611 790 3644 ex
806 3593 924 3660 Timaeo)
945 3596 1073 3646 bekannte
1092 3595 1172 3646 Sache
1195 3611 1240 3646 aus
1260 3595 1340 3646 seiner
1358 3597 1500 3662 Erfahrung

241 3685 385 3750 bestiltigt.«
424 3684 463 3735 Cf.
482 3684 558 3734 etiam
576 3683 609 3733 G.
625 3683 676 3748 Jul.
694 3684 833 3734 Schneider
850 3684 868 3733 1.
880 3683 905 3734 ·l.
923 3701 949 3749 p.
970 3695 1001 3747 72
1019 3693 1045 3734 et
1063 3684 1095 3734 Ο.
1109 3683 1213 3734 Sieroka
1230 3686 1248 3736 l.
1262 3685 1279 3738 l.
1291 3701 1316 3750 p.
1330 3698 1372 3745 24,
1392 3701 1500 3749 quorum

243 3782 331 3823 neuter
348 3775 441 3823 librum
459 3772 533 3821 illum
552 3770 726 3821 doctissimum
743 3771 861 3837 inspexit.

327 3888 364 3955 ⁴⁹)
394 3893 479 3943 Etiam
505 3895 532 3942 in
558 3893 641 3959 capite
671 3907 701 3956 19
727 3895 857 3945 Diodoms
882 3894 936 3959 ipse
958 3893 1058 3944 addidit
1077 3892 1094 3961 ξ
1114 3909 1128 3944 2
1151 3895 1211 3944 inde
1234 3911 1249 3943 a
1270 3896 1367 3945 verbis:
1402 3897 1447 3947 »οἱ
1471 3895 1502 3948 δὲ

244 3981 343 4031 Κελτοὶ
367 3984 451 4051 μέχρι
474 3981 562 4035 τῶνδε
584 3983 641 4035 τῶν
665 3983 793 4054 ,carpatur
830 3984 885 4032 Iam
907 3983 969 4031 haec
993 3984 1070 4032 verba
1094 3983 1237 4032 Diodorum
1261 3982 1343 4047 ipsum
1368 3985 1440 4048 loqui
1464 3985 1502 4034 in·

245 4068 338 4120 dicant.
374 4069 495 4130 Accedit,
523 4071 591 4135 quod
612 4071 682 4119 haud
701 4072 781 4121 multo
806 4079 863 4136 post
882 4071 912 4121 C.
930 4070 1012 4135 Julius
1030 4071 1123 4121 Caesar
1146 4080 1365 4122 commemoratur.
1402 4071 1503 4137 Dignae

245 4163 329 4204 autem
347 4165 406 4207 sunt
422 4157 485 4208 tales
503 4160 700 4218 observationes,
722 4176 786 4224 quae
799 4160 960 4222 adnotentur,
981 4175 1039 4208 cum
1056 4175 1145 4224 parum
1164 4175 1288 4208 memores
1302 4159 1352 4208 sint
1362 4159 1409 4209 viri
1421 4160 1500 4220 docti,

244 4243 386 4295 Diodorum
404 4245 533 4296 hominem
546 4247 623 4297 fuisse
641 4247 755 4312 quamvis
773 4248 887 4306 stultum,
908 4255 992 4296 tamen
1010 4247 1080 4297 haud
1097 4264 1227 4306 vesanum,
1251 4255 1276 4296 et
1293 4247 1391 4313 saepius
1409 4248 1441 4296 de
1457 4264 1503 4297 suo

243 4333 292 4382 hoc
311 4341 355 4383 aut
371 4334 437 4382 illud
455 4334 581 4384 addidisse
600 4352 683 4400 neque
700 4352 798 4401 semper
818 4337 926 4386 aliorum
943 4337 1023 4386 libros
1041 4335 1213 4400 descripsisse.
1318 4352 1321 4355 ’
