3438 5028
771 427 985 489 ‚74-

244 577 395 658 Herculis
424 598 498 640 cum
527 578 679 641 Deianira
709 579 856 659 nuptiae,
886 579 1026 641 Eunomi
1049 599 1137 641 mors
1146 580 1207 659 91),
1236 579 1331 642 Nessi
1360 578 1510 642 Centauri

245 681 351 745 scelus
373 692 406 745 et
432 703 556 764 poena3
586 703 671 764 quae
700 685 816 746 eodem
846 693 879 746 et
902 685 1001 746 modo
1024 695 1058 746 et
1079 685 1191 746 ordine
1220 695 1350 748 narrata
1373 684 1454 765 legis
1480 685 1513 746 in

245 786 322 850 bibl.
346 808 378 869 p.
401 788 486 868 721.
511 804 551 850 22
568 825 610 834 -
626 810 659 870 p.
683 805 722 868 73
748 787 767 850 l.
791 804 828 850 10
849 798 883 850 et
903 789 1021 870 partim
1045 789 1175 869 quidem
1197 789 1229 850 in
1252 789 1372 871 Hygini
1394 788 1512 852 sabulis

246 907 296 971 31,
324 908 362 954 10
382 902 416 955 et
440 909 489 972 34.
533 893 586 956 De
607 893 847 976 Dryopibus⁹2)
877 893 977 956 distat
1005 893 1170 956 Diodorus
1194 895 1256 975 (37,
1285 895 1312 975 1)
1344 895 1386 957 ab
1409 894 1512 976 Apol-

244 997 360 1059 lodoro
384 998 427 1079 (p.
451 1015 493 1079 73
523 998 543 1064 l.
570 998 637 1081 11),
672 999 731 1060 sed
764 1008 898 1079 uterque
931 1007 1055 1073 narrat,
1090 998 1265 1066 Herculem
1295 999 1336 1060 ad
1367 997 1511 1080 Ceycem

245 1100 453 1164 Trachinium
474 1104 617 1180 venisse,
648 1123 667 1165 e
689 1103 840 1167 Deianira
862 1113 929 1165 tres
951 1122 1140 1184 procreasse
1162 1103 1245 1167 filios
1254 1103 1307 1184 98),
1331 1104 1513 1168 Herculem

243 1206 450 1269 Doriensium
473 1209 541 1290 regi
562 1208 717 1290 Aegimio
740 1219 854 1272 contra
868 1208 1082 1289 Lapithorum
1106 1229 1217 1289 regem
1233 1206 1400 1271 Corouum
1422 1213 1511 1273 auxi-

244 1311 321 1375 lium
345 1311 465 1387 tulisse,
490 1311 639 1393 Cycnum
661 1313 774 1376 Martis
797 1313 897 1376 filium
916 1333 1057 1387 necasse,
1084 1312 1227 1375 Ormenii
1249 1333 1361 1394 regem
1384 1315 1513 1396 Amyn-

247 1540 457 1548 —-—

244 1690 315 1745 pater
332 1677 429 1738 Φύλας
445 1680 472 1729 in
496 1679 559 1729 bibl.
585 1681 623 1729 bis
640 1697 668 1745 p.
691 1693 731 1742 72,
754 1682 772 1733 1.
791 1693 820 1742 17
839 1691 864 1730 et
888 1698 914 1746 p.
934 1682 975 1743 76,
1003 1681 1021 1731 l.
1039 1693 1055 1744 3
1073 1681 1173 1744 legitur,
1204 1676 1313 1738 Φυλεύς
1330 1696 1404 1742 vero,
1432 1697 1511 1745 quem

243 1767 374 1817 Diodorus
391 1769 515 1826 nominat,
534 1770 639 1833 Augeae
658 1769 723 1818 filius
736 1779 785 1818 est:
807 1770 915 1818 Diodor.
936 1769 982 1819 IV.
995 1780 1037 1832 33.
1057 1781 1075 1828 4
1091 1789 1125 1808 =
1143 1768 1206 1817 bibl.
1227 1785 1253 1834 p.
1273 1768 1340 1829 701.
1358 1781 1400 1826 22,
1421 1786 1446 1835 p.
1466 1772 1511 1836 58.

245 1856 262 1907 l.
282 1868 324 1920 25,
345 1868 387 1917 29.

332 1961 368 2030 91)
387 1964 519 2034 Εὔνομος
536 1965 638 2014 exhibet
656 1965 718 2014 bibl.
737 1981 763 2028 p.
783 1975 813 2024 72
833 1964 851 2014 l.
861 1977 903 2025 24,
924 1959 1091 2036 Εὐρύνομος
1103 1963 1232 2012 Diodorus
1244 1963 1290 2013 IV.
1309 1965 1352 2029 36.
1372 1978 1398 2014 2.
1427 1965 1511 2016 Nimi-

244 2069 299 2102 rum
317 2053 386 2102 idem
405 2061 443 2102 est
460 2068 570 2110 nomen;
600 2051 732 2124 Εὔνομος
749 2052 858 2101 nominis
881 2061 949 2101 recta
972 2052 1142 2101 videturesse
1161 2051 1250 2100 forma.
1286 2052 1354 2101 Nam
1372 2053 1407 2102 ita
1431 2055 1511 2105 etiam

245 2141 338 2205 legitur
361 2141 387 2189 111
407 2141 533 2191 Athenaei
550 2141 598 2191 IX.
623 2158 649 2206 p.
669 2154 717 2201 411
738 2142 762 2188 A
787 2156 817 2190 ex
837 2140 963 2189 Herodori
988 2142 1095 2204 septimo
1122 2139 1221 2188 decimo
1249 2137 1314 2188 libro
1340 2141 1374 2190 de
1397 2142 1511 2192 Hercule

245 2229 369 2279 adlatum.
405 2224 526 2280 Κύαθον
543 2229 653 2278 eundem
671 2228 786 2277 nominat
809 2229 888 2278 schol.
906 2228 993 2293 Apoll.
1012 2228 1097 2277 Rbod.
1118 2230 1138 2279 1.
1160 2239 1233 2288 1212,
1260 2228 1339 2291 quod,
1367 2245 1425 2278 cum
1444 2234 1511 2281 miro

244 2318 322 2367 modo
334 2333 392 2366 cum
403 2317 528 2375 Diodoro,
548 2317 718 2382 Apollodoro,
743 2317 849 2381 Hygino
867 2317 1023 2374 consentiat,
1045 2333 1076 2366 ex
1095 2317 1185 2366 eodem
1204 2315 1276 2364 fonte
1294 2317 1385 2381 partim
1403 2320 1508 2383 quidem

49 2397 362 2463 &manasse
379 2405 540 2454 statuendum
558 2413 604 2453 est.
640 2404 706 2454 Vide
723 2405 755 2452 de
775 2419 846 2468 pueri
864 2404 931 2453 illius
949 2394 1080 2453 nominum
1098 2404 1218 2453 varietate
1235 2403 1395 2454 Athenaeum
1412 2406 1431 2457 1.
1448 2407 1467 2456 1.

332 2510 368 2578 92)
389 2512 454 2562 Cum
472 2513 588 2561 Diodoro
606 2511 639 2562 cs.
659 2515 733 2562 Paus.
751 2513 795 2561 IV.
814 2526 856 2576 34
875 2525 900 2574 9.
939 2513 969 2561 In
988 2513 1076 2562 tabula
1092 2512 1244 2562 Famesiana
1262 2527 1288 2576 p.
1310 2525 1339 2574 71
1359 2514 1377 2564 l.
1395 2514 1428 2563 68
1446 2532 1506 2581 sqq.

246 2619 284 2653 res
301 2603 445 2668 perturbata
463 2611 510 2658 est,
532 2601 645 2659 sirecte,
666 2609 692 2648 ut
711 2599 772 2648 mihi
791 2600 894 2664 quidem
914 2601 1021 2659 videtur,
1043 2601 1143 2650 collatis
1154 2600 1262 2648 Diodori
1281 2613 1313 2663 37
1333 2599 1348 2666 ξ
1365 2617 1383 2663 4
1400 2611 1426 2652 et
1443 2604 1509 2654 bibl.

247 2709 273 2756 p.
296 2690 362 2751 761.
380 2703 403 2749 4,
423 2688 521 2737 Corsini
539 2687 681 2737 emendavit
700 2697 724 2736 et
748 2689 855 2737 restituit
873 2689 922 2737 sic:
952 2686 996 2739 »lx
1019 2690 1068 2752 τῆς
1128 2685 1257 2757 γατ1έρος
1274 2684 1374 2754 opimi]
1399 2687 1508 2754 (scilicet

247 2779 378 2844 Phylantis
396 2778 530 2841 Dryopum
547 2774 622 2840 regis)
648 2771 872 2844 [Ἀστυδα]μείας
887 2775 1046 2840 (ΜΗΔΛΣ
1066 2693 1163 2848 tama)
1194 2771 1255 2827 υἱὸν
1276 2776 1358 2828 ἔθετο
1375 2771 1505 2842 Κτήσιπ-
1602 2837 1604 2844 ,

247 2883 327 2921 ποκα
363 2865 432 2914 Nam
449 2863 624 2929 Astydamiam
642 2864 773 2927 Phylantis
792 2863 870 2915 tiliam
891 2880 944 2914 esse
963 2880 1088 2929 nusquam
1106 2865 1207 2928 legitur.

332 2971 369 3039 ⁹³)
388 2973 494 3023 Diodor.
508 2972 555 3025 IV.
574 2982 616 3045 37.
640 2984 666 3020 1:
690 2971 835 3025 »ἐτέκνωσε
854 2973 886 3026 δὲ
905 2972 951 3037 (sc.
972 2969 987 3023 ri
1004 2970 1150 3042 Ἡρακλῆς)
1165 2974 1212 3022 καὶ
1230 2971 1259 3024 ἐκ
1276 2974 1325 3037 τῆς
1336 2977 1508 3045 Δηιανείρας

247 3065 398 3136 νεωτέρους
414 3070 462 3113 τοῦ
475 3053 577 3112 ‘'Yllou
599 3058 676 3118 υἱοὺς
694 3057 756 3124 δύο,
775 3062 877 3127 Γληνέα
895 3064 942 3114 καὶ
959 3057 1077 3128 Ὁδίτην.
1097 3062 1157 3111 bibl.
1176 3078 1202 3125 p.
1216 3072 1247 3126 75
1267 3062 1284 3112 1.
1297 3075 1344 3123 24:
1367 3059 1509 3132 (Ἡρακλεῖ

247 3145 317 3218 ἦσαν
336 3149 396 3216 ἐκ).
415 3190 419 3200 .
437 3187 444 3201 .
461 3152 629 3219 Δηιανείρας
645 3148 699 3218 μὲν
717 3151 765 3213 τῆς
783 3152 886 3208 Οἰνέως
897 3143 1006 3212 Ὕλλος,
1029 3144 1206 3217 Κτήσιππος,
1231 3149 1342 3213 Γλῆνος,
1365 3145 1501 3217 Ὀνήτης,«

249 3256 356 3307 quorum
372 3233 540 3305 Κτήσιππος
557 3247 643 3302 aperte
660 3238 826 3303 interpolatus
844 3248 888 3294 est,
911 3238 1006 3304 quippe
1025 3240 1068 3304 qui
1086 3256 1112 3304 p.
1134 3239 1321 3302 761.4recte
1339 3239 1506 3304 Astydamiae

248 3329 314 3379 filius
331 3328 435 3377 dicatur.
473 3327 585 3375 Nomina
608 3325 712 3390 Γλῆνος
732 3336 757 3375 et
780 3322 898 3391 Πηνεύς
921 3336 997 3391 atque
1019 3321 1130 3394 Ὀνήτης
1152 3336 1178 3377 et
1194 3322 1309 3392 Ὅδίτης
1333 3329 1422 3376 eadem
1449 3345 1505 3378 esse

248 3433 322 3467 nemo
341 3415 452 3478 negabit.
489 3415 519 3463 In
537 3414 636 3477 Hygini
662 3415 748 3463 fabula
776 3414 821 3463 162
846 3415 911 3464 inter
927 3415 1044 3464 Herculis
1067 3415 1148 3472 filios,
1179 3427 1314 3483 postquam
1340 3416 1450 3480 »Hyllus
1474 3434 1505 3467 ex

246 3504 380 3554 Deianira«
407 3503 488 3567 primo
507 3505 565 3552 loco
584 3503 728 3552 nominatus
746 3511 796 3561 est,
825 3502 947 3567 reperitur
973 3519 1065 3553 nomen
1086 3503 1255 3567 »Euheuos«‚
1286 3505 1357 3569 quod
1382 3505 1444 3554 mihi
1469 3505 1505 3556 ita

247 3601 330 3643 ortum
351 3607 405 3641 esse
430 3591 540 3642 videtur:
569 3593 728 3643 ΓΛΗΝΟΣ
747 3612 782 3632 =
802 3590 970 3642 ΕΥΗΝΟΣ.
1011 3592 1094 3641 Etiam
1121 3593 1219 3656 Hygini
1247 3595 1393 3647 ΟΦΙΊῊΣ
1414 3595 1504 3644 melius

246 3682 308 3731 mibi
342 3681 441 3731 videtur
475 3696 532 3730 cum
565 3682 710 3734 ΟΔΙΤΗΣ
738 3678 845 3728 Diodori
880 3687 905 3727 et
941 3680 1087 3731 ΟΝΙΤΗΣ
1114 3681 1268 3745 Apollodori
1298 3678 1423 3748 (Ὀνήτης
1460 3699 1504 3748 per

246 3770 392 3820 Itacismum
415 3767 509 3834 ortum)
533 3769 666 3834 coniungi,
693 3783 769 3832 quam
790 3768 817 3816 in
840 3768 1030 3820 ΔίΟΠΙΘΗΣ
1051 3771 1155 3829 mutari,
1181 3779 1209 3819 ut
1232 3772 1364 3821 Mauritius
1389 3771 1504 3822 Schmidt

246 3858 323 3908 suasit
358 3867 383 3907 et
415 3857 474 3908 lecit
502 3871 651 3922 comparans
679 3855 892 3919 mythographum
925 3857 1019 3906 codicis
1051 3858 1158 3908 Medicei
1188 3860 1220 3908 ab
1249 3861 1361 3910 Antonio
1393 3860 1503 3909 Wester-

245 3963 321 3996 mann
340 3946 407 3995 etin
425 3944 656 4011 paradoxographis
678 3961 704 4008 p.
723 3956 773 4005 219
792 3943 859 3991 etin
888 3945 1081 4009 mythographis
1108 3962 1133 4010 p.
1158 3957 1207 4010 345
1231 3948 1339 4008 editum,
1368 3949 1411 4013 qui
1434 3949 1504 3998 unde

245 4035 348 4085 nomina
370 4034 487 4085 Herculis
511 4034 648 4083 liberorum
670 4035 814 4101 Αίχμαῑος
833 4041 858 4080 et
885 4037 1042 4096 Διοπείθης
1066 4037 1214 4099 sumpserit,
1245 4037 1338 4087 nescio.
1384 4037 1502 4087 Ceterum

245 4123 419 4173 adnotandum
445 4122 507 4171 mihi
531 4130 576 4181 est,
605 4131 629 4170 et
648 4121 758 4171 Glenum
785 4121 809 4168 in
836 4121 916 4172 schol.
941 4121 1016 4170 Pind.
1044 4121 1132 4172 Isthm.
1161 4125 1209 4176 lv.
1230 4139 1278 4187 104
1301 4134 1326 4174 et
1343 4125 1458 4190 Ophiten
1475 4127 1502 4174 in

244 4212 331 4261 fabula
354 4212 451 4276 Hygini
470 4224 511 4274 32,
542 4209 635 4260 Oniten
659 4211 685 4260 in
710 4207 796 4260 Schol.
823 4209 950 4274 Lycophr.
969 4210 1002 4274 38
1028 4210 1092 4259 inter
1116 4212 1234 4277 Megarae
1258 4213 1323 4264 filios
1350 4215 1500 4264 enumerari.

243 4300 322 4350 Vides
340 4299 415 4349 etiarn
433 4300 458 4348 in
475 4299 529 4356 his,
556 4307 584 4347 ut
606 4299 632 4348 in
650 4298 768 4348 omnibus
792 4298 882 4346 horum
901 4298 1109 4364 compendiorum
1127 4300 1257 4350 nominum
1281 4302 1414 4367 indicibus,
1433 4279 1510 4352 terri·⁴

243 4386 321 4438 bilem
340 4402 393 4437 esse
411 4386 631 4452 perturbationem.
