3480 5030
780 422 994 482 -42-

258 576 355 640 libelli
371 577 412 637 de
427 575 622 662 sublimitate
638 577 704 659 (III.
723 593 751 641 2.
774 597 805 657 p.
827 593 873 654 13.
896 575 915 637 Ι.
935 592 952 653 3
975 576 1024 637 ed:
1042 573 1123 636 Otto
1136 560 1229 655 Jahn)
1252 572 1311 633 ait:
1338 569 1395 630 »τά
1409 591 1441 651 γε
1455 571 1517 650 μὴν

263 678 488 763 Ἀμφικράτοος
526 690 653 742 τοιαῦτα
694 683 744 742 καὶ
785 679 929 762 Ἡγησίου
969 680 1019 739 καὶ
1061 677 1235 764 Μάτριὸος·
1275 679 1426 755 πολλαχοῦ
1458 675 1516 756 γὰρ

258 785 419 847 ἐνθοοοιᾶν
434 779 551 857 ἕαοτοῖς
564 786 720 859 δοκοῦντες
735 789 770 848 οὐ
783 787 992 865 βακχεύοοοιν,
1017 785 1092 845 ἀλλὰ
1107 767 1289 857 nacionum«
1324 781 1516 844 Thebanum

258 901 369 954 autem
393 889 489 951 luisse
512 890 683 953 Matridem
706 902 792 954 recte
816 893 879 954 iam
901 891 1048 971 Toupius
1071 889 1197 962 statuit,
1221 886 1342 949 Athen.
1366 907 1397 967 p.
1420 904 1463 964 44
1484 880 1516 948 D'

258 997 433 1077 emendans
462 1015 480 1056 e
509 995 685 1058 Ptolemaei
707 995 957 1078 Hephaestionis
988 995 1007 1057 Ι.
1032 995 1092 1068 ΙΙΙ,
1123 994 1207 1055 unde
1229 992 1282 1054 ille
1305 992 1419 1054 hausit.
1464 991 1516 1052 Ac

258 1122 331 1164 cum
364 1099 474 1182 paullo
507 1110 582 1162 ante
614 1100 759 1164 falsarius
793 1101 846 1163 ille
879 1103 919 1163 de
950 1101 1074 1180 hymno
1107 1099 1248 1179 quodam
1279 1098 1310 1158 in
1341 1096 1515 1158 Herculem

257 1206 378 1269 Thebis
408 1213 503 1266 canto
531 1207 647 1283 dixerit
677 1217 709 1269 et
731 1217 847 1288 pergat
880 1205 964 1288 »περὶ
994 1213 1055 1265 τῶν
1083 1204 1161 1264 κατὰ
1190 1201 1290 1274 πόλεις
1312 1203 1383 1273 τοὺς
1404 1200 1516 1280 ὕμνους

257 1310 474 1392 ποιησάντωνι,
488 1310 643 1390 probatur
662 1312 770 1391 aliquo
783 1313 882 1373 modo
894 1311 925 1372 id
941 1311 1028 1390 quod
1044 1329 1148 1390 perse
1164 1309 1231 1370 veri
1246 1315 1295 1369 est
1306 1307 1512 1378 simillimum,

258 1417 430 1478 Matridem
453 1414 645 1479 Thebanum
667 1418 698 1478 in
719 1418 822 1498 patria
845 1415 990 1497 ἐγκώμιον
1012 1411 1203 1496 Ἡρακλέους,
1227 1411 1374 1474 Thebani
1396 1410 1512 1485 herois,

258 1521 465 1584 declamasse.
509 1521 593 1582 Nam
616 1542 814 1602 quamquam
837 1521 1066 1583 historiuncula
1088 1521 1128 1580 de
1151 1518 1296 1580 Matridis
1320 1517 1514 1580 nutrimento

257 1628 354 1708 ipsius
376 1625 551 1688 Ptolemaei
574 1627 702 1708 ingenio
733 1637 819 1689 certe
848 1627 1059 1690 adscribenda
1088 1633 1152 1696 est,
1184 1631 1293 1684 tamen
1322 1624 1451 1684 nomina
1481 1623 1513 1684 in

257 1731 489 1793 dubitationem
510 1733 619 1793 vocari
641 1732 728 1816 haud
750 1733 832 1795 licet.
879 1731 1031 1795 Ceterum
1054 1714 1224 1791 Udalricus
1239 1729 1280 1790 de
1296 1727 1513 1790 Wilamowitz

256 1845 450 1918 praeceptor
464 1837 596 1911 monuit,
619 1857 678 1899 nos
702 1836 792 1899 facile
807 1858 904 1918 posse
920 1837 1076 1907 conicere,
1100 1853 1164 1913 qua
1180 1834 1350 1895 occasione
1364 1833 1513 1896 Herculis

255 1941 395 2005 facinora
410 1941 451 2003 ab
466 1941 521 2002 illo
538 1941 666 2003 rhetore
682 1943 844 2006 celebrata
860 1944 930 2005 sint.
964 1926 1211 2002 Atheniensium
1227 1939 1310 2000 enim
1325 1939 1512 2001 sodalicium

254 2046 542 2126 archaeologorum
565 2047 595 2106 in
617 2047 807 2128 Amphiarai
840 2045 964 2127 templo
995 2045 1036 2106 ad
1071 2043 1219 2125 Oropum
1255 2045 1316 2106 sito
1349 2046 1430 2106 inter
1461 2052 1512 2106 tot

254 2151 418 2233 praeclara
441 2161 648 2214 monumenta
671 2153 841 2215 nonnullos
870 2152 988 2212 indices
1020 2170 1121 2230 nuper
1143 2149 1268 2211 detexit
1300 2170 1425 2224 eorum,
1457 2151 1511 2228 qui

253 2257 402 2318 victorias
431 2258 462 2318 in
491 2257 715 2321 certaminibus
745 2259 935 2336 omnigenae
966 2255 1041 2316 artis
1069 2254 1100 2315 in
1132 2253 1323 2334 Amphiarai
1353 2254 1511 2316 honorem

255 2362 403 2424 institutis
437 2372 680 2442 reportaverunt
689 2362 739 2444 54Ι.
785 2362 821 2422 In
845 2361 959 2442 quibus
982 2361 1083 2422 altero
1117 2369 1172 2421 aut
1193 2359 1288 2420 tertio
1311 2358 1393 2428 loc'o.
1424 2370 1511 2440 post·

253 2487 350 2547 quam
379 2467 555 2529 tubicinum
577 2469 680 2529 victor
703 2476 734 2528 et
758 2467 899 2546 optimus
921 2487 1039 2547 praeco
1063 2465 1308 2526 commemorati
1331 2474 1412 2539 sunt,
1436 2466 1511 2546 legi-

252 2581 320 2633 tur:
347 2597 373 2634 ο.
388 2620 395 2636 .
410 2618 416 2632 .
430 2571 533 2633 ἐνίκων
545 2618 551 2632 .
564 2617 592 2633 ..
613 2575 617 2655 Ι
638 2569 782 2653 ἐγκώμιον
797 2571 1005 2652 καταλογάδην
1026 2573 1029 2650 Ι
1114 2567 1117 2653 Ι
1138 2567 1285 2652 ἐγκώμιον
1300 2568 1401 2630 &naula
1420 2574 1424 2649 Ι
1446 2597 1507 2635 ...ι

253 2677 343 2739 Haec
367 2677 514 2738 encomia
535 2677 770 2758 Amphiaraum
793 2677 940 2738 nimirum
963 2673 1185 2750 celebrabant;
1218 2694 1290 2736 cum
1314 2684 1422 2736 autem
1446 2674 1511 2738 hoc

255 2783 464 2843 certaminum
480 2801 581 2862 genus
598 2783 710 2844 ceteris
726 2781 807 2843 ludis
829 2791 899 2843 tum
921 2779 1077 2860 temporis
1092 2799 1157 2840 non
1179 2777 1316 2841 defuisse
1338 2800 1397 2860 pro
1420 2789 1510 2842 certo

253 2885 437 2949 habendum
467 2889 520 2961 sit,
555 2887 621 2948 veri
644 2888 767 2951 videtur
795 2886 1006 2958 simillimum,
1038 2884 1208 2946 Matridem
1232 2884 1394 2946 Thebanis
1425 2885 1508 2947 ludis

252 2990 417 3053 Herculeis
440 2991 586 3054 encomio
609 2991 663 3053 illo
685 2993 813 3066 vicisse,
845 2991 933 3072 quod
961 2991 1042 3051 miro
1069 3009 1143 3050 casu
1173 2989 1337 3052 Diodorus
1357 2993 1506 3053 servavit.

336 3095 421 3157 Tum
461 3105 570 3157 autem
607 3098 648 3158 ad
684 3098 763 3159 eius·
790 3098 945 3159 rationem
979 3096 1240 3174 cognoscendam
1270 3094 1364 3157 liceat
1400 3095 1507 3174 quale-

250 3219 387 3279 cumque
409 3199 523 3262 afferre
544 3221 583 3262 eo
607 3203 695 3282 quod
718 3200 858 3275 fabulaS,
890 3221 969 3282 quas
992 3199 1129 3281 profert,
1161 3220 1234 3262 cum
1257 3199 1504 3281 mythographis

251 3323 485 3384 comparamus.
530 3305 582 3367 Ac
604 3308 742 3387 primum
766 3308 845 3369 ordo
869 3305 1016 3368 Herculis
1045 3306 1191 3369 laborum
1214 3306 1301 3385 apud
1323 3305 1504 3367 Diodorum

334 3491 370 3559 54)
400 3489 548 3564 Ἐφημὲθὶς
566 3490 765 3564 ἅρχαιθλθγῑκή
788 3497 868 3558 Ῑ834ι
894 3515 921 3562 p-
945 3510 993 3559 124
1006 3513 1062 3562 sqq.
1081 3513 1124 3546 n0.
1145 3509 1170 3556 2,
1190 3509 1215 3559 3,
1235 3509 1259 3556 4.
1293 3489 1413 3565 Ῥώμαιο
1432 3495 1505 3544 ludos

248 3582 313 3638 illos,
334 3583 377 3646 qui
395 3599 446 3631 una
465 3598 522 3631 curn
534 3584 694 3648 Amphiarais
712 3593 948 3644 commemorantur,
970 3603 1000 3634 ex
1013 3585 1099 3635 Sullae
1116 3592 1176 3633 voto
1194 3601 1216 3634 a.
1233 3583 1266 3632 86
1279 3599 1300 3633 a.
1317 3583 1375 3634 Chr.
1394 3600 1419 3633 n.
1437 3584 1504 3632 facto

250 3670 398 3720 constitutos
416 3687 485 3733 esse,
511 3671 660 3721 Theodorus
678 3674 821 3721 Mommsen
838 3671 957 3738 (Hermes
975 3673 1034 3724 XX.
1058 3691 1083 3738 p.
1103 3683 1153 3734 270
1171 3671 1238 3738 sqq.)
1257 3679 1353 3731 censet,
1378 3670 1447 3720 nisus
1464 3671 1503 3720 his

250 3757 332 3807 verbis
356 3759 526 3823 inscriptionis
550 3761 638 3808 eodem
656 3761 714 3809 loco
734 3761 863 3822 detectae,
888 3777 965 3825 quam
987 3760 1014 3825 'p.
1033 3771 1082 3822 272
1109 3761 1251 3824 descripsit:
1276 3760 1293 3810 l.
1312 3773 1346 3820 44
1365 3760 1418 3826 »τῷ
1439 3758 1504 3828 ἱερῷ

247 3841 425 3918 Ἀμφιαράου
447 3843 544 3917 χώραν
567 3842 759 3917 προστίθημιι
864 3849 881 3899 l.
906 3848 939 3909 48
970 3844 1033 3904 »τὰς
1057 3842 1218 3916 προσόδους
1242 3841 1354 3905 ἁπάσας
1378 3849 1416 3906 εἰς
1439 3842 1503 3906 τοὺς

247 3930 359 4002 ἀγῶνας
377 3938 424 3987 καὶ
444 3933 492 3994 τὰς
511 3941 625 4000 θυσίας,
653 3930 685 3995 ἃς
701 3932 834 4006 Ὠρώπιοι
850 3935 853 4002 Ι
870 3940 1049 3990 συντελοῦσιν
1070 3937 1125 4002 θεῷ
1143 3932 1307 4008 Ἀμφιαράῳ
1314 3973 1334 4008 ,ι
1348 3932 1452 4007 ὁμοίως
1470 3935 1502 3989 dl

246 4025 292 4074 καὶ
319 4017 357 4081 ἃς
384 4018 427 4096 ἄν
449 4018 520 4092 μετὰ
544 4032 631 4075 ταῦτα
658 4021 726 4092 ὑπὲρ
752 4025 799 4088 τῆς
822 4023 825 4088 Ι
846 4029 922 4090 νίκης
943 4028 989 4076 καὶ
1013 4025 1060 4088 τῆς
1081 4021 1232 4095 ἡγεμονίας
1255 4026 1305 4076 τοῦ
1331 4020 1422 4094 δήμου
1447 4027 1502 4076 τῶν

244 4107 384 4180 Ῥωμαίων
403 4113 704 4165 σοντελέσονσιν.«
742 4113 793 4161 Sed
817 4123 903 4162 monet
918 4113 1056 4179 'Udalricus
1075 4113 1106 4161 de
1124 4113 1308 4175 Wilamowitz,
1334 4115 1501 4178 corruptelam

245 4199 325 4248 inesse
349 4199 374 4248 in
401 4200 494 4248 verbis:
522 4193 573 4250 »ἂν
592 4235 598 4247 ,
674 4203 916 4263 amrelmum«,
940 4217 998 4250 eum
1022 4201 1098 4249 futuri
1123 4201 1258 4249 indicativo
1282 4217 1339 4250 cum
1357 4197 1393 4253 ἄν
1411 4202 1500 4250 Graeci

245 4302 384 4352 numquam
402 4287 440 4336 usi
458 4287 514 4336 sint.
527 4313 561 4322 -
579 4286 683 4336 Constat
701 4303 769 4347 vero,
789 4297 855 4337 certe
874 4299 931 4352 post
949 4304 972 4339 a.
991 4287 1023 4337 86
1043 4304 1065 4337 a.
1078 4289 1137 4338 Chr.
1150 4305 1175 4339 n.
1193 4289 1257 4338 inter
1275 4289 1349 4338 ludos
1367 4291 1500 4353 gymnicos

244 4381 269 4422 et
287 4374 395 4423 musicos
412 4375 454 4422 vel
472 4374 619 4442 ἐγκωμίοις
635 4369 832 4441 καταλογάδην
849 4392 902 4425 esse
921 4384 1051 4428 certatum.
