3438 5028
774 440 988 504 „72..

336 593 489 674 Sequitur
510 592 658 656 Herculis
687 602 800 656 contra
822 593 974 674 Augeam
996 593 1173 674 expeditio.
1217 593 1330 672 Atque
1352 595 1514 656 consentit

251 699 418 762 Diodorus
441 719 514 762 cum
532 697 747 762 bibliothecae
769 708 902 762 auctore
924 719 965 762 eo
981 699 1071 778 quod
1086 707 1203 772 narrat,
1226 699 1367 780 primum
1382 699 1514 780 quidem

253 826 318 868 non
340 805 423 868 bene
446 803 578 867 Herculi
600 803 664 866 hoc
684 803 806 866 bellum
829 805 1082 885 successisse⁸⁵).
1125 803 1296 866 Nonnullis
1318 805 1515 885 interpositis

252 910 440 991 §3pergit
457 908 632 971 Herculem
654 909 874 990 Eurytum,
896 910 1069 988 Augeae
1091 907 1245 984 filium,
1267 929 1342 972 cum
1356 929 1515 990 pompam

252 1015 406 1096 Neptuno
428 1015 459 1076 in
480 1014 639 1077 Isthmum
661 1015 802 1088 duceret,
836 1015 955 1077 insidiis
981 1015 1103 1096 paratis
1132 1013 1240 1076 subito
1262 1015 1452 1096 adgressum
1473 1016 1516 1078 ad

253 1118 393 1184 Cleonas
414 1119 625 1195 interfecisse5
648 1128 718 1181 tum
739 1118 814 1181 Elin
836 1139 1041 1202 expugnasse
1060 1128 1095 1181 et
1107 1118 1234 1199 Phyleo
1255 1119 1424 1182 tradidisse
1446 1139 1516 1201 reg·

253 1245 339 1288 num.
383 1224 462 1286 Inde
493 1223 639 1286 concludi
670 1232 795 1305 potest,
824 1224 987 1306 Eurytum
1008 1222 1164 1285 Eleorum
1193 1222 1291 1286 luisse
1320 1224 1460 1305 clipeum
1482 1234 1517 1288 et

254 1330 458 1411 praesidium,
482 1338 580 1410 atque
597 1349 671 1391 eum
688 1329 901 1410 potissimum,
925 1330 1097 1412 quominus
1113 1329 1271 1392 Hercules
1285 1328 1359 1392 Elin
1373 1339 1515 1412 caperet,

253 1435 466 1516 impedivisse.
496 1434 566 1496 Iam
588 1434 755 1497 audiamus
778 1435 1020 1517 Apollodorum
1044 1435 1086 1516 (p.
1104 1450 1145 1514 70
1167 1433 1188 1496 l.
1211 1435 1233 1495 6
1254 1437 1356 1515 sqq.):
1379 1435 1517 1516 Augeas

253 1539 455 1621 Eurytum
478 1549 518 1602 et
540 1538 732 1604 Cteatum
753 1541 956 1622 geminos,
980 1541 1034 1620 qui
1057 1540 1089 1601 in
1111 1559 1210 1601 unum
1232 1560 1350 1621 corpus
1373 1543 1516 1604 concreti

255 1665 368 1708 omnes
389 1653 467 1707 tunc
488 1646 644 1726 temporis
667 1645 820 1708 mortales
842 1646 961 1708 viribus
983 1644 1195 1726 superabant,
1219 1646 1318 1707 duces
1340 1646 1514 1720 constituit,

255 1748 418 1812 Molionae
448 1760 481 1813 et
509 1750 641 1814 Actoris
676 1750 822 1814 fratris
852 1752 913 1814 sui
944 1749 1070 1813 filios.
1105 1749 1227 1829 Atque
1257 1770 1332 1812 cum
1356 1750 1516 1814 Hercules

255 1855 371 1917 morbo
393 1854 577 1918 debilitatus
599 1857 736 1919 indutias
760 1856 903 1930 fecisset,
929 1855 1125 1918 Molionidae
1147 1856 1215 1917 eius
1238 1857 1349 1937 copias
1370 1857 1516 1937 adgressi

256 1960 376 2022 multos
404 1961 653 2023 trucidaverunt.
697 1962 816 2024 Postea
849 1972 972 2035 autem,
1011 1981 1085 2022 cum
1115 1961 1246 2023 tertium
1276 1961 1342 2022 ludi
1371 1962 1516 2024 Isthmici

256 2064 516 2140 celebrabantur,
547 2066 703 2128 Hercules
725 2067 885 2147 Eurytum
909 2064 1141 2145 Cteatumque,
1172 2085 1330 2147 pompam
1359 2066 1516 2130 Eleorum

257 2171 420 2262 ducentes,
451 2170 569 2233 insidiis
591 2172 711 2252 paratis
733 2171 840 2234 subito
861 2172 1037 2254 adgressus
1059 2172 1101 2232 ad
1124 2168 1264 2234 Cleonas
1286 2170 1447 2234 interemit
1456 2172 1516 2254 ⁸⁶),

256 2284 325 2337 tum
348 2273 421 2336 Elin
443 2275 530 2357 cepit
552 2285 584 2340 et
605 2276 728 2356 Phyleo
750 2277 879 2339 tradidit
902 2276 1097 2357 regnumffl).

342 2400 457 2474 Vides,
490 2421 601 2463 revera
623 2403 679 2464 vix
701 2401 876 2484 quidquam
900 2404 981 2465 inter
1003 2424 1060 2465 eos
1083 2404 1245 2465 interesse.
1290 2401 1376 2462 Nam
1399 2399 1517 2462 stultus

256 2505 429 2579 Diodorus,
447 2506 500 2587 qui
524 2517 723 2588 quantopere
739 2518 836 2582 amet,
860 2507 985 2570 fabulas
1000 2513 1041 2571 ad
1058 2507 1237 2569 communis
1252 2507 1338 2567 vitae
1358 2505 1516 2566 rationem

257 2611 402 2692 redigere
425 2621 573 2692 apertum
596 2623 654 2688 est,
683 2613 832 2675 mirificos
862 2612 934 2675 illos
964 2612 1158 2674 Molionidas
1186 2611 1333 2692 geminos
1355 2610 1517 2690 Eurytum

257 2725 290 2778 et
313 2713 464 2779 Cteatum
487 2719 646 2779 exstitisse
670 2739 734 2780 non
758 2720 902 2794 credidit,
925 2720 1042 2798 itaque,
1074 2726 1110 2778 ut
1132 2735 1201 2778 rem
1223 2714 1426 2797 probabilem
1448 2715 1516 2776 red·

257 2823 364 2897 deret,
404 2842 422 2883 e
461 2822 595 2903 geminis
630 2844 727 2885 unum
762 2822 901 2886 facturus
933 2821 1037 2886 Cteati
1072 2841 1190 2884 nomen
1219 2819 1344 2902 abiecit.
1399 2817 1515 2899 Negle-

258 2926 386 3007 gentiae
409 2936 516 2988 autem
540 2926 689 3002 historici,
712 2947 811 3008 quam
833 2930 896 2991 iam
920 2928 1012 2990 nimis
1034 2946 1132 3009 saepe
1156 2924 1407 2999 observavimus,
1431 2923 1517 2985 attri-

257 3031 421 3094 buendum
444 3051 514 3093 esse
536 3040 627 3112 puto,
651 3033 739 3114 quod
760 3033 921 3114 Eurytum
943 3034 1081 3116 Augeae
1103 3031 1213 3105 filium,
1236 3050 1300 3092 non
1323 3030 1390 3092 eius
1412 3027 1517 3090 fratris

257 3135 356 3198 filium
379 3137 463 3198 dicit.

343 3259 408 3322 Sed
430 3260 564 3340 longum
586 3273 645 3338 est,
669 3265 777 3328 omnia
804 3263 988 3344 singillatim
1010 3265 1205 3346 perquirere.
1249 3261 1323 3343 Ipse
1346 3279 1516 3341 compares

257 3366 370 3445 capitis
400 3381 440 3446 33
471 3370 513 3448 ξς
539 3368 610 3448 5,6
640 3370 680 3431 de
710 3367 846 3451 Spartae
876 3371 1134 3451 expugnatione,
1168 3365 1515 3449 Hippocoontidarum,

259 3471 312 3551 qui
335 3471 541 3554 Licymnium
561 3474 801 3549 interfecerunt,
832 3494 955 3556 poena,
986 3473 1150 3555 Tyndarei
1180 3473 1282 3534 reditu
1309 3490 1383 3532 cum
1405 3468 1516 3532 biblio-

257 3679 461 3690 ᾗ

344 3829 380 3896 ⁸⁶)
413 3834 490 3895 Quod
513 3833 641 3882 Diodorus
663 3835 709 3884 IV.
732 3846 774 3898 33.
803 3846 813 3882 1
846 3833 924 3894 addit,
951 3833 1089 3882 Herculem
1111 3832 1187 3882 Oleni
1211 3830 1352 3879 Dexameni
1378 3828 1456 3877 filiam
1484 3829 1517 3877 ab

259 3920 396 3982 Eurytione
415 3923 540 3973 Centauro
559 3923 691 3980 liberasse,
716 3921 779 3984 legis
797 3921 823 3969 in
841 3921 995 3970 bibliotheca
1013 3938 1039 3986 p.
1059 3921 1091 3986 58
1109 3921 1127 3969 l.
1149 3933 1182 3984 30
1200 3935 1256 3985 sqq.
1292 3919 1395 3968 Distant
1412 3932 1471 3965 vero
1489 3917 1517 3966 in

259 4007 325 4057 filiae
354 4009 465 4061 nomine.
500 4012 628 4061 Diodorus
662 4026 718 4062 eam
745 4004 928 4075 Ἱππολύτην,
962 4009 1136 4075 Apollodorus
1167 4001 1360 4076 Μνησιμάχην
1391 4005 1514 4071 adpellat.

258 4095 377 4160 Hyginus
394 4098 481 4148 sabula
498 4112 540 4164 31,
565 4110 592 4146 11
608 4105 632 4147 et
645 4110 676 4162 33
696 4098 828 4149 confundit
844 4100 910 4166 mc
928 4099 1041 4148 fabulam
1059 4113 1117 4147 cum
1136 4112 1166 4146 ea
1184 4097 1216 4145 de
1234 4097 1362 4146 Deianira.

343 4204 379 4272 ⁸⁶)
397 4208 484 4258 Alium
503 4207 599 4256 fontem
618 4215 643 4256 et
659 4207 799 4258 uberiorem
818 4207 920 4272 quidem
938 4206 1074 4256 Pausanias
1091 4206 1123 4254 V.
1143 4218 1166 4257 2.
1185 4201 1203 4269 ἓ
1225 4217 1234 4252 1
1252 4220 1291 4269 sq.
1311 4205 1344 4253 de
1363 4204 1412 4252 hac
1430 4201 1519 4251 fabula

258 4292 284 4342 in
303 4297 418 4346 manibus
436 4296 554 4346 habuisse
571 4295 686 4358 videtur,
706 4296 739 4345 cs.
760 4297 885 4346 scholium
903 4296 935 4346 ad
954 4295 1066 4345 Platonis
1084 4293 1247 4342 Phaedonem
1266 4294 1308 4355 89.
1326 4292 1357 4342 C.

343 4402 379 4470 ⁸⁷)
399 4405 464 4456 Cum
483 4405 533 4455 fine
551 4404 657 4455 Diodori
675 4405 721 4456 IV.
739 4417 781 4470 33.
800 4401 817 4471 ἓ
839 4419 856 4466 4
874 4420 993 4470 compara
1010 4402 1072 4453 bibl.
1090 4419 1116 4467 p.
1136 4401 1175 4466 58.
1195 4402 1211 4452 l.
1231 4412 1261 4464 25
1282 4415 1337 4465 sqq.
