3480 5030
238 609 352 682 putare
376 620 485 662 veram
509 598 690 672 historiam,
714 617 787 659 curn
809 598 897 660 velut
919 598 1094 678 Dionysius
1117 596 1408 660 Halicarnassensis
1431 618 1495 660 non

239 706 343 767 minus
356 704 534 786 Cephaloni
551 704 593 765 illi
611 701 778 784 Gergithio
795 702 934 764 confisus
949 705 998 776 sit,
1025 722 1121 782 quam
1140 701 1265 765 Siculus
1278 701 1493 780 Thymoetae.

324 809 372 871 At
394 829 499 871 nonne
522 811 607 870 nisus
630 806 763 870 Suetoni
793 808 977 869 testimonio
1007 807 1057 888 (de
1079 809 1297 888 grammaticis
1321 805 1393 888 VII)
1419 804 1493 867 mihi
1521 857 1523 864 .

239 914 399 988 obvertes,
423 913 616 993 Dionysium
639 911 950 993 Scytobrachionem
974 911 1069 973 fuisse
1092 914 1225 975 doctum
1247 911 1494 993 grammaticum

241 1018 496 1080 Alexandrinum
508 1018 633 1080 Antoni
644 1016 824 1098 Gniphonis
840 1016 976 1079 fortasse
992 1027 1237 1098 praeceptorem
1247 1018 1296 1099 ¹⁰),
1312 1036 1391 1097 ergo
1405 1017 1494 1095 cogi-

238 1124 298 1186 tari
329 1144 393 1185 non
415 1143 522 1204 posse,
554 1143 628 1185 eum
650 1122 726 1184 talia
748 1121 921 1203 peccasse?
964 1120 1130 1185 Professus
1159 1124 1199 1185 sit
1228 1122 1493 1204 grammaticam:

240 1231 316 1309 quid
339 1231 370 1290 in
393 1249 431 1290 ea
453 1229 662 1310 praestiterit,
694 1247 798 1306 neque
828 1236 963 1290 testatur
993 1229 1163 1309 quisquam
1194 1249 1297 1309 neque
1329 1226 1384 1288 ulli
1413 1226 1491 1288 fonti

239 1335 346 1416 potius
369 1336 551 1406 credamus
576 1352 673 1412 quam
697 1333 773 1412 ipsis
795 1333 862 1394 eius
885 1332 1032 1412 reliquiis.

325 1439 436 1520 Atque
461 1458 525 1518 quo
541 1437 657 1499 diutius
674 1457 728 1498 eas
743 1433 916 1518 perpendo,
941 1459 981 1500 eo
998 1440 1101 1519 magis
1117 1438 1193 1500 mihi
1209 1440 1334 1501 videtur
1350 1437 1492 1508 dubium,

239 1567 279 1608 an
303 1566 367 1608 non
390 1549 456 1607 iure
478 1543 635 1606 habeatur
657 1540 893 1622 Scytobrachio
921 1545 1036 1605 doctus
1062 1545 1299 1624 grammaticus
1344 1544 1428 1606 Nam
1451 1563 1494 1604 ex

238 1650 362 1714 scholio
385 1651 426 1712 ad
451 1652 479 1708 Γ
478 1697 483 1710 .
507 1665 563 1726 40,
596 1649 683 1726 quod
714 1667 757 1709 ex
785 1657 876 1727 parte
901 1648 930 1708 in
953 1649 1064 1711 codice
1085 1651 1134 1723 A,
1171 1648 1329 1728 integrum
1358 1649 1399 1711 ab
1429 1669 1494 1710 uno

237 1755 407 1819 Eustathio
431 1763 593 1818 servatum
616 1771 675 1813 nos
690 1752 794 1823 docet,
819 1754 994 1815 secundum
1011 1752 1319 1832 Scytobrachionem
1334 1755 1493 1817 Helenam

238 1863 340 1924 Paridi
363 1860 527 1943 peperisse
549 1856 649 1918 filium
672 1856 868 1931 Dardanum,
893 1869 990 1939 atque
1014 1859 1054 1920 ab
1078 1879 1117 1920 eo
1141 1869 1216 1940 post
1241 1863 1273 1921 Γ.
1299 1851 1343 1937 46
1365 1881 1493 1922 versum

238 1966 379 2047 positum
417 1984 502 2025 esse:
552 1961 666 2041 »Μηὸἐ
700 1985 729 2022 τι
766 1963 905 2042 γούνασιν
942 1956 1017 2024 οἷσιν
1054 1962 1243 2044 ἕφέσσαοθαι
1281 1965 1368 2046 φίλον
1408 1964 1489 2027 vitiu«

239 2069 288 2152 (cf.
312 2070 343 2146 l,
373 2069 514 2149 455)¹¹),
553 2069 705 2149 suspicari
742 2087 806 2129 non
843 2067 917 2131 licet
953 2068 1146 2149 Dionysium
1184 2070 1280 2131 docte
1314 2070 1492 2134 Homerum

239 2184 408 2248 tractasse,
443 2181 616 2255 propterea
649 2173 736 2252 quod
770 2173 835 2234 veri
870 2183 918 2235 est
936 2173 1070 2248 simile,
1105 2173 1166 2236 hoc
1200 2172 1416 2254 fragmentum
1452 2178 1492 2239 ad

242 2281 308 2342 eius
331 2300 414 2360 opus
437 2279 603 2359 respicere,
627 2279 715 2357 quod
730 2279 894 2340 Diodorus
916 2279 969 2341 ΙΙΙ.
993 2280 1043 2341 66.
1065 2278 1086 2339 6
1113 2279 1167 2338 »τὰ
1190 2279 1268 2340 κατὰ
1291 2281 1343 2341 τὸν
1367 2278 1495 2342 Ἰλιακὸν

238 2384 368 2462 πόλεμον
389 2382 585 2466 πραχθένταα
611 2384 701 2457 dicit,
733 2401 838 2462 neque
861 2384 1003 2465 iniquum
1027 2385 1151 2446 videtur
1173 2405 1231 2447 nos
1255 2406 1401 2461 censere,
1432 2386 1494 2449 hoc

238 2511 321 2573 opus
350 2511 415 2553 non
444 2489 523 2552 alius
544 2489 640 2552 fuisse
662 2490 787 2570 generis
810 2498 907 2570 atque
937 2492 1004 2551 eius
1032 2490 1146 2552 librum
1177 2492 1217 2553 de
1240 2492 1385 2566 Baccho,
1418 2513 1494 2574 quo-

238 2616 312 2659 cum
342 2616 405 2658 una
434 2596 598 2657 Diodorus
626 2595 702 2658 illud
730 2604 974 2657 commemorat.
1019 2595 1129 2675 Atque
1162 2597 1186 2658 si
1220 2598 1350 2659 tandem
1381 2599 1421 2660 de
1455 2618 1494 2659 eo

240 2701 445 2764 Athenaeum
471 2700 552 2781 (ΧΠ.
578 2714 634 2779 515
660 2702 696 2773 d,
719 2701 747 2781 e)
772 2700 954 2780 inspicimus
989 2709 1022 2760 et
1045 2698 1180 2780 legimus
1203 2702 1299 2763 haec:
1340 2751 1346 2764 .
1372 2752 1377 2763 .
1403 2753 1408 2764 .
1437 2702 1495 2774 »ὡς

238 2805 354 2888 ἱστορεῖ
378 2799 502 2878 Ξάνθος
534 2805 550 2865 ὁ
579 2806 689 2878 Arata
721 2803 740 2884 ἢ
773 2804 789 2864 ὁ
821 2806 875 2876 τὰς
909 2803 950 2876 εἷς
983 2804 1076 2864 αὐτὸν
1109 2805 1333 2887 ἀναφερομένας
1362 2805 1495 2890 ἱστορίας

237 2909 459 2993 συγγεγραφώς,
476 2911 635 2983 Διονύσιος
650 2911 918 2992 ὃΣκατοβραχιόον,
935 2910 976 2981 ὡς
991 2900 1144 2991 Ἀρτέμων
1159 2911 1250 2992 φησὶν
1265 2913 1280 2972 ὁ
1295 2914 1495 2996 Κασανδρεὺς

238 3017 269 3078 ἐν
290 3019 332 3101 τρῖ
354 3017 421 3098 περὶ
442 3017 596 3098 ἀναγωγῆς
618 3017 767 3097 (Ionsius;
798 3024 971 3097 συναγωγῆς
999 3016 1086 3095 cod.)
1115 3016 1278 3094 deditium
1315 3018 1491 3081 admodum

237 3122 375 3185 dubitari
398 3122 445 3184 fas
468 3131 526 3196 est,
550 3142 627 3184 num
649 3123 716 3183 iure
739 3121 909 3184 Udalricus
931 3122 971 3181 de
994 3120 1259 3204 Wilamowitzffl)
1282 3125 1489 3190 contenderit.

239 3229 358 3291 Xanthi
393 3228 536 3307 Lydiaca
570 3249 589 3290 a
621 3227 780 3308 Dionysio
818 3227 848 3287 in
885 3245 977 3287 usum
1014 3226 1184 3289 doctorum
1225 3249 1295 3291 esse
1329 3240 1492 3311 excerpta.
1530 3287 1531 3296 ,

238 3334 427 3396 Athenaeus
451 3334 544 3406 enim,
568 3354 641 3395 cum
658 3330 823 3394 Xanthum
846 3330 999 3403 laudaret,
1024 3340 1120 3406 ratus
1144 3335 1348 3397 occasionem
1371 3356 1405 3396 se
1423 3355 1494 3396 esse

250 3493 252 3500 .

239 3508 444 3520 ——.-....-

325 3610 360 3676 10)
391 3614 441 3662 ahl.
466 3612 593 3660 Antonius
617 3613 745 3677 Gnipho.
767 3650 772 3661 .
795 3647 801 3660 .
821 3611 997 3674 institutusque
1015 3608 1195 3676 (Alexandriae
1216 3613 1332 3677 quidem,
1362 3621 1389 3662 ut
1416 3615 1493 3680 aliqui

160 3694 163 3702 ¹
239 3705 350 3762 tradunt,
365 3703 390 3750 in
403 3701 568 3750 contubernio
584 3700 691 3765 Dionysi
704 3699 937 3762 Scytobrachionis;
954 3701 1023 3764 quod
1035 3701 1151 3765 equidem
1165 3718 1217 3749 non
1230 3711 1321 3751 temere
1334 3701 1492 3762 crediderim,

240 3810 296 3842 cum
313 3801 455 3855 temporum
472 3790 537 3839 ratio
555 3790 596 3838 vix
614 3789 777 3854 congruat).c‹
830 3807 832 3815 .

325 3876 368 3952 11)ι
391 3879 433 3928 Fr.
447 3879 515 3941 Aug.
527 3877 605 3938 Wolf,
628 3879 725 3942 proleg.
744 3878 776 3927 ad
794 3879 935 3927 Homerum
953 3895 979 3941 p.
1002 3891 1049 3940 194
1068 3878 1105 3940 (in
1123 3879 1234 3928 editione
1252 3879 1407 3928 Berolinensi
1431 3879 1495 3940 1876

240 3987 267 4034 p.
291 3981 338 4030 119
357 3977 410 4017 not.
430 3965 474 4030 64)
494 3995 527 4004 -—
545 3967 679 4015 Welcker:
700 3965 801 4030 epische
823 3966 915 4029 Cyelus
935 3966 965 4013 l²
983 3985 1008 4031 p.
1030 3968 1070 4016 81.

325 4053 360 4120 ¹²)
400 4073 424 4106 v.
454 4055 619 4104 Homerische
654 4054 881 4118 Untersuchungen
920 4072 945 4118 p.
979 4055 1038 4116 361.
1099 4056 1259 4104 Hermannus
1295 4056 1410 4121 Lipsius,
1452 4057 1494 4120 qui

240 4146 305 4194 inter
329 4145 391 4194 alios
414 4144 445 4193 de
467 4143 571 4191 Xantho
590 4144 614 4190 in
639 4141 828 4207 quaestionibus
852 4141 1041 4206 logographicis
1061 4139 1173 4207 (Lipsiae
1194 4142 1312 4208 1885l86)
1341 4145 1406 4210 egit,
1438 4162 1493 4194 cum

241 4233 337 4281 Xanthi
362 4228 503 4295 fragmenta
528 4240 615 4280 contra
640 4229 794 4279 Fridericum
822 4229 853 4280 G.
873 4230 991 4280 Welcker
1020 4230 1181 4291 defenderet,
1210 4233 1374 4282 Artemonem
1402 4248 1495 4282 errasse

241 4322 287 4370 sibi
309 4320 407 4368 videtur
431 4321 591 4384 persuasisse.
626 4320 729 4368 Prorsus
754 4333 811 4367 cum
834 4316 888 4367 viro
917 4318 961 4367 illo
988 4319 1066 4367 docto
1093 4319 1158 4368 facio
1183 4319 1208 4366 in
1233 4321 1374 4368 iudicandis
1399 4321 1494 4369 Xanthi

240 4408 392 4472 fragmentis,
414 4408 457 4456 sed
476 4407 619 4458 Artemonis
638 4415 724 4456 notam
743 4406 812 4454 haud
830 4407 906 4454 velim
925 4407 999 4455 abici.

1251 4592 1266 4628 1
