3438 5028
753 386 967 453 ..7,-

227 537 400 610 dirivatae«
427 543 490 602 κτλ.
536 539 720 604 Secundam
743 541 823 624 legis
846 542 877 602 in
906 542 1031 604 scholio
1053 541 1109 605 illo
1132 542 1174 606 ad
1196 543 1353 625 Apolloni
1379 545 1489 607 Rhodi

227 644 285 706 IV.
314 644 403 724 1396,
427 646 516 724 quod
539 665 580 708 ex
602 646 799 729 Apollodori
822 646 911 710 fonte
933 646 1064 710 fluxisse
1086 649 1256 712 statuimus
1264 652 1315 730 ⁹⁹).

374 765 481 816 Diodor.
499 766 545 817 IV.
563 767 603 816 26.
623 779 647 826 2,
670 779 694 830 3.
955 767 1035 817 schol.
1054 769 1175 832 Apollon.
1196 770 1247 819 Rh.
1268 771 1313 821 IV.
1335 770 1408 835 1396.
1515 820 1531 851 Δ
1627 823 1635 850 Ι

352 852 472 912 τινὲςδὲ
493 856 606 922 λέγουσι
625 859 839 926 ποίμναςπρο·
928 851 1132 927 ...ᾈρμοίτας
1165 857 1195 910 δὲ
1234 855 1263 911 ἐν
1294 853 1320 926 γ’
1352 859 1500 925 Λιβυκῶν
1533 837 1680 946 appoll&

226 934 318 1006 βάτων
348 936 442 994 κάλλει
468 938 659 1014 διαφερούσας
688 947 840 1012 κεκτῆσθαι
876 937 995 1012 φησὶμὴ
1008 945 1093 1013 μῆλα,
1115 943 1188 998 ἀλλὰ
1202 941 1332 1016 πρόβατα
1347 939 1491 1013 κάλλιστα,

226 1028 275 1090 τὰς
295 1025 475 1102 Ἑσπερίδας,
503 1032 597 1102 χρυσᾶ
626 1031 658 1084 δὲ
679 1033 756 1102 μῆλα
781 1030 840 1086 ἀπὸ
875 1027 892 1082 ἅ
917 1031 1011 1104 χρυσᾶ
1039 1027 1200 1102 ὠνομάσθη.

226 1123 277 1170 τοῦ
312 1112 430 1178 κιίλλους
473 1116 641 1184 ὠνομάσθαι
680 1126 839 1186 ποιητικῶς,

227 1205 318 1274 δι’σπερ
353 1211 400 1258 καὶ
441 1205 491 1274 τὴν
523 1205 694 1281 Ἀφροδίτην
728 1212 840 1279 χρυσῆν

225 1299 373 1350 καλεῖσθαι
387 1294 434 1348 διὰ
451 1292 501 1364 τὴν
517 1298 686 1370 εὐπρέπειαν
701 1297 838 1367 (ἔνιοιῙοθ)

227 1385 257 1438 δὲ
283 1389 398 1454 λέγουσι
423 1384 551 1455 πρόβατα
577 1385 627 1456 τὴν
649 1384 741 1458 χρόαν
767 1387 839 1442 ἰδιά-

227 1477 328 1537 ζουσαν
359 1475 457 1543 ἔχοντα
483 1478 529 1528 καὶ
556 1471 719 1549 παρόμοιον
742 1481 840 1550 χρυσῷ

226 1565 384 1630 τετευχέναι
421 1562 521 1630 ταύτης
554 1567 602 1632 τῆς
636 1568 838 1638 προσηγορίας)

226 1646 376 1721 Δράκοντα
394 1651 425 1704 δὲ
442 1655 499 1704 τῶν
511 1658 654 1722 ποιμνίων
669 1653 839 1724 ἐπιμελητὴν
875 1656 947 1722 ἔχειν
977 1656 1008 1709 δὲ
1036 1657 1123 1710 ταῦτα
1150 1662 1272 1726 ποιμένα
1305 1654 1420 1730 ἄγριον,
1453 1655 1487 1714 δν

226 1743 454 1810 καθεσταμένον,
477 1745 524 1794 καὶ
548 1740 628 1814 ῥώμη
648 1741 776 1815 σώματος
791 1751 839 1800 καὶ
874 1739 922 1797 διὰ
934 1739 967 1798 τὸ
987 1739 1126 1818 ἀνήμερον
1139 1741 1289 1818 Δράκοντα
1308 1743 1486 1818 ὠνομάσθαι.

226 1824 297 1900 ἀλκῇ
321 1826 508 1900 διαφέροντα,
536 1836 629 1903 τηρεῖν
652 1829 685 1885 τὰ
709 1828 838 1904 πρόβατα

225 1921 273 1969 καὶ
304 1917 369 1977 τοὺς
399 1915 540 1989 λῃστεύειν
574 1916 645 1973 αὐτὰ
677 1925 838 1996 τολμῶντας

226 2001 411 2060 ἀποκτείνειν.

312 2109 439 2170 Deinde
461 2110 549 2190 quod
571 2112 591 2190 ξ
613 2126 635 2187 4
657 2132 681 2173 c.
708 2112 748 2173 26
775 2113 939 2177 Diodorus
970 2126 1092 2190 narrat,
1123 2117 1301 2179 invenimus
1331 2117 1361 2178 in
1389 2118 1485 2179 adno-

225 2214 347 2276 tatione
371 2214 585 2277 bibliothecae
607 2237 638 2297 p.
662 2217 705 2278 66
728 2217 748 2280 l.
775 2233 807 2298 5:

394 2335 500 2386 Diodor.
522 2336 567 2385 IV.
586 2336 626 2386 26.
645 2351 669 2398 μ
1021 2341 1082 2390 bibl.
1102 2357 1128 2404 p.
1147 2339 1223 2389 66.1.
1243 2353 1257 2404 3
1279 2355 1334 2405 sqq.

310 2414 314 2417 v
926 2427 996 2480 ἔνιοι
1019 2428 1054 2481 δέ
1075 2443 1165 2497 φασιν
1189 2426 1222 2480 οὐ
1243 2423 1320 2499 παρὰ
1335 2421 1486 2488 ’Ἄτλαντος

279 2505 293 2562 ὁ
323 2507 350 2560 δ’
383 2506 519 2582 Ἡρακλῆς
556 2511 605 2566 τὸν
637 2509 749 2582 φύλακα
782 2517 838 2568 τῶν
873 2509 944 2566 αὐτὰ
964 2507 1063 2581 (seret
1079 2517 1172 2587 χρυσᾶ
1191 2515 1277 2581 μῆλα)
1291 2519 1393 2584 λαβεῖν,
1413 2513 1484 2571 ἀλλὰ

223 2595 460 2670 μήλων-ἀνελών,
874 2598 960 2656 αὐτὸν
983 2604 1145 2675 δρέψασθαι
1173 2599 1207 2656 τὰ
1237 2606 1312 2674 μῆλα
1338 2612 1485 2661 κτείναντα

224 2689 271 2740 καὶ
290 2694 378 2740 ταῦτα
397 2683 577 2760 ἀποκομίσας
595 2683 668 2759 πρὶς
686 2685 835 2760 Εὐρυσθέα
871 2686 921 2742 τὸν
941 2691 1121 2762 φρουροῦντα
1140 2683 1221 2761 ὄφιν·
1246 2697 1375 2764 Κομίσας
1394 2695 1425 2748 δὲ
1447 2691 1481 2749 rci

869 2782 945 2848 μῆλα
962 2775 1104 2846 Εὐρυσθεῖ
1122 2779 1231 2835 ἔδωκεν.

312 2877 397 2940 Tum
425 2898 503 2939 vero
533 2877 638 2958 capite
662 2895 702 2959 27
736 2881 878 2961 sequitur
911 2882 1062 2944 mirabilis
1092 2882 1152 2944 alia
1181 2882 1225 2943 de
1252 2883 1485 2964 Hesperidibus

225 2982 277 3044 vel
314 2982 535 3046 Atlantidibus
567 2983 715 3060 historia,
755 3004 837 3064 quae
871 2987 1110 3067 interrumpitur
1140 2990 1159 3067 ξ
1192 3004 1218 3065 3.
1270 2988 1355 3051 Nam
1385 2989 1485 3053 verba

226 3089 262 3168 (c.
290 3103 339 3168 27,
364 3090 384 3168 ξ
410 3105 427 3166 3
450 3109 474 3152 s.
497 3087 547 3168 s.):
587 3090 674 3161 »τοὺς
696 3086 728 3149 δὲ
749 3091 861 3174 λῃστὰς
882 3089 913 3152 ἐν
935 3092 1021 3175 κήπῳ
1043 3091 1118 3152 ravi«
1144 3095 1199 3152 κτλ
1220 3102 1289 3155 arte
1311 3094 1485 3159 cohaerent

224 3213 298 3256 cum
328 3193 450 3267 verbis,
484 3212 566 3272 quae
599 3189 792 3257 antecedunt
819 3216 844 3258 c.
871 3213 908 3277 27
940 3198 971 3258 in
992 3199 1012 3276 ξ
1036 3212 1054 3257 2
1078 3219 1102 3259 s.
1126 3196 1163 3260 f.:
1199 3197 1263 3258 »διὸ
1292 3199 1342 3258 καὶ
1373 3202 1486 3284 λῃστὰς

311 3448 347 3516 ⁹⁹)
368 3453 485 3502 Ceterum
508 3452 661 3516 persimilem
691 3453 923 3518 interpretationem
944 3454 1045 3504 rabulae
1068 3455 1164 3504 iuvenis
1187 3457 1214 3504 in
1238 3456 1385 3521 Palaephati
1403 3459 1483 3508 libro:

224 3542 290 3610 περὶ
310 3535 437 3592 ἀπίστων
457 3554 495 3603 19,
514 3539 555 3590 ed.
582 3543 759 3590 Westermann
789 3559 814 3606 p.
835 3541 899 3603 2843
926 3541 959 3591 cf.
981 3542 1056 3592 etiam
1074 3543 1244 3592 Heraclitum:
1275 3547 1340 3615 περὶ
1359 3541 1485 3600 ἀπίστων

226 3642 268 3677 20.
290 3629 367 3690 Quod
385 3644 538 3694 quamquam
558 3629 663 3678 Holzeri
682 3629 830 3678 senteutiam
849 3630 1011 3678 corroborare
1028 3631 1135 3690 videtur,
1156 3632 1200 3696 qui
1218 3648 1243 3696 p.
1263 3645 1292 3680 21
1313 3650 1337 3682 n.
1359 3647 1389 3682 10
1407 3636 1482 3685 dicit:

227 3718 286 3766 »Bet
315 3716 459 3766 Gleichheit
483 3717 544 3765 oder
571 3709 737 3766 r'lhnlichlreit
765 3717 862 3766 soleher
895 3717 1005 3766 Notizen
1032 3718 1114 3768 zumal
1138 3720 1371 3770 euhemeristischer
1394 3724 1484 3772 Erkle·

225 3805 433 3868 rungsversuche,
454 3805 500 3854 aus
516 3805 772 3869 Quellenbenutzung
790 3822 820 3854 zu
838 3804 986 3867 schliessen,
1014 3807 1099 3855 wiirde
1121 3807 1162 3855 bei
1181 3807 1226 3857 der
1243 3808 1485 3874 Liickenhaitigkeit

225 3911 327 3944 unserer
345 3893 469 3943 Traditon
486 3911 517 3943 zu
535 3894 669 3944 seltsamen
687 3895 790 3958 Dingen
809 3893 926 3951 iiihrem«
947 3901 1031 3942 tamen
1050 3893 1099 3943 hoc
1121 3894 1178 3944 loco
1196 3894 1338 3945 Diodorum
1355 3899 1485 3962 Agroetae

224 3983 459 4048 interpretationem
477 3982 518 4031 vel
535 3981 743 4030 historiunculam
761 3997 811 4031 una
823 3996 881 4030 curn
902 3980 990 4030 fabula
1008 3997 1039 4030 ex
1057 3981 1147 4030 eodem
1165 3981 1235 4031 sonte
1253 3984 1413 4050 descripsisse
1432 3988 1484 4036 veri

224 4071 306 4121 simile
324 4071 399 4120 duco.
1162 4075 1164 4080 '

301 4155 348 4223 1⁰⁰)
369 4157 410 4207 Sic
433 4173 487 4207 esse
505 4157 735 4224 interpungendum
759 4157 872 4222 adparet.
912 4158 980 4207 Nam
1004 4156 1140 4207 scholiasta
1163 4158 1349 4222 Apollonianus
1379 4162 1483 4212 demon·

226 4255 296 4305 strat,
323 4246 400 4294 etiam
423 4247 579 4295 Dracontem
602 4253 728 4310 pastorem
752 4246 785 4294 ad
812 4249 949 4309 Agroetam
977 4245 1115 4310 pertinere;
1146 4247 1216 4310 quod
1242 4248 1370 4299 Diodorus
1397 4251 1483 4304 addit:

224 4335 296 4388 ἔνιοι
315 4332 346 4385 δὲ
366 4335 478 4401 λέγουσι
493 4369 498 4384 .
514 4369 521 4383 .
537 4371 551 4392 .,
572 4335 684 4384 secunda
701 4332 873 4398 interpretatio
892 4341 929 4384 est
947 4334 1058 4382 attributi
1073 4335 1173 4402 χρυσᾶ.
