3480 5030
743 1358 916 1432 carus
944 1357 990 1429 111

560 1565 623 1654 ΒΕ
652 1560 836 1654 ΤΙΜΑΕῠ
870 1560 930 1652 ΕΤ
963 1557 1179 1650 natatur

789 1813 955 1824 ...----

333 1983 424 2066 Cum
447 2014 494 2067 ea,
519 2012 602 2072 quae
626 1989 896 2072 Scytobrachioni
918 1989 1087 2052 tribuenda
1109 1997 1191 2063 sunt,
1215 1989 1494 2068 enucleaverimus,

241 2102 304 2164 iam
323 2101 364 2163 ad
380 2098 516 2161 alterum
532 2097 724 2179 scriptorem
739 2097 950 2171 transeamus,
973 2114 1038 2176 quo
1054 2114 1088 2157 se
1103 2095 1134 2155 in
1149 2092 1231 2156 libro
1247 2094 1294 2156 IV
1316 2116 1410 2158 usum
1426 2117 1504 2160 esse«

222 2207 405 2269 'Diodorus
428 2204 497 2285 ipse
519 2201 654 2264 fatetur:
677 2202 857 2263 Timaeum.
901 2199 1100 2263 Nominatim
1122 2208 1172 2261 ter
1193 2199 1340 2262 laudatur
1362 2200 1393 2263 in
1415 2201 1498 2264 libro

242 2320 375 2391 quarto:
399 2307 457 2370 IV.
474 2323 523 2381 21,
541 2323 558 2387 7
578 2307 619 2368 de
636 2304 906 2386 Gigantomachia
926 2304 957 2365 in
971 2303 1155 2384 Phlegraeis
1171 2305 1292 2386 campis
1308 2305 1496 2382 commissa;

242 2416 299 2476 IV.
325 2430 376 2488 22,
398 2413 419 2473 6
440 2412 481 2472 de
505 2409 576 2472 freti
599 2408 706 2484 Siculi,
731 2430 796 2490 quo
819 2409 893 2472 loco
916 2407 1071 2470 Hercules
1095 2407 1254 2488 Geryonis
1276 2408 1377 2472 boves
1398 2420 1496 2476 trans-

242 2519 360 2591 iecerit,
384 2514 566 2590 latitudine;
590 2514 648 2577 IV.
674 2516 723 2594 56,
750 2533 766 2595 3
789 2515 829 2577 de
852 2513 955 2576 reditu
973 2510 1244 2593 Argonautarum.
1287 2516 1365 2578 Inde
1380 2518 1496 2598 pedem

243 2622 377 2707 protulit
399 2620 481 2683 Otto
503 2619 653 2697 Sieroka,
685 2620 739 2702 qui
760 2621 801 2682 de
823 2618 959 2681 Diodori
986 2617 1138 2680 librorum
1160 2618 1205 2682 III
1228 2629 1260 2682 et
1281 2620 1329 2682 IV
1357 2620 1497 2684 fontibus

243 2729 401 2807 sagaciter
417 2726 482 2806 egit
490 2725 542 2807 ⁴⁰),
575 2746 648 2788 cum
665 2733 749 2788 recte
764 2723 980 2802 cognovisset,
1001 2721 1180 2785 Diodorum
1196 2726 1293 2787 etiam
1308 2727 1339 2787 in
1354 2726 1434 2788 libro
1449 2727 1497 2788 IV

243 2833 414 2897 scribendo
430 2831 600 2893 Timaeum
616 2832 722 2912 ipsum
736 2830 861 2892 adiisse.
899 2829 984 2890 Nam
1000 2827 1134 2890 Carolus
1149 2828 1347 2906 Miillenhofl,
1364 2832 1418 2913 qui
1433 2851 1498 2893 om-

243 2941 331 3064 niuqn
346 2935 599 3019 praeclarissime
615 2937 655 2998 de
670 2935 807 2996 Timaeo
822 2934 897 3014 egit,
913 2933 1048 2996 Diodori
1063 2934 1178 2996 librum
1192 2933 1241 2996 IV
1256 2935 1408 3017 neglexit,
1423 2937 1499 3015 quia

331 3143 368 3212 ⁴⁰)
397 3145 447 3195 Die
468 3145 726 3212 mythographischeu
745 3144 855 3207 Quellen
880 3143 919 3193 slir
936 3145 1059 3194 Diodor's
1083 3143 1170 3193 drittes
1189 3145 1242 3193 und
1259 3144 1348 3194 viertes
1365 3145 1436 3195 Buch
1454 3147 1500 3196 mit

245 3235 399 3284 besonderer
416 3232 662 3297 Bertlcksichtigung
680 3233 724 3281 des
742 3231 878 3294 Dionysios
897 3231 1111 3294 Skytobrachion,
1140 3234 1284 3282 untersucht
1301 3248 1352 3282 von
1370 3233 1416 3284 Dr.
1438 3235 1500 3284 Otto

246 3323 361 3382 Sieroka,
382 3321 677 3387 Gymnasialprogramm
695 3335 746 3368 von
759 3319 816 3382 Lyk
836 3319 910 3382 1878.
944 3321 994 3370 Cur
1006 3321 1163 3372 Christianus
1174 3321 1266 3370 Clasen
1283 3321 1310 3370 in
1327 3320 1500 3371 dissertatione

242 3411 347 3476 Jenensi
365 3410 425 3460 anni
448 3409 512 3474 1883
531 3426 557 3474 p.
575 3422 606 3471 41
627 3425 680 3473 sq.,
702 3423 766 3472 quae
787 3407 824 3455 vir
840 3407 883 3455 ille
902 3408 991 3458 doctus
1009 3411 1080 3468 eruit,
1100 3410 1242 3475 repetiverit
1259 3410 1331 3459 novis
1349 3409 1431 3458 causis
1449 3425 1501 3456 non

246 3501 346 3560 additis,
357 3500 426 3550 haud
441 3498 573 3562 intellego.
598 3499 684 3561 Atque
696 3495 781 3554 miror,
798 3495 868 3559 quod
883 3494 914 3543 de
925 3497 1031 3546 Timaeo
1042 3497 1165 3557 disseruit,
1176 3497 1259 3546 Caroli
1275 3497 1428 3546 Mullenhoff
1437 3497 1501 3546 libro

248 3606 299 3638 non
321 3588 446 3654 inspecto.
481 3587 585 3646 Holzer,
606 3585 650 3649 qui
668 3583 781 3648 scripsit:
805 3583 918 3642 »Matris
939 3583 979 3633 ein
997 3586 1099 3650 Beitrag
1115 3603 1158 3635 zur
1172 3585 1358 3648 Quellenkritik
1374 3585 1500 3645 Diodor's,

246 3675 554 3741 Gymnasialprogramm,
576 3674 715 3738 Tiibingen
735 3671 826 3730 1881«,
852 3671 942 3721 ottoni
966 3672 1070 3744 Sieroka
1090 3674 1209 3724 adsensus
1228 3684 1273 3724 est.
1310 3675 1382 3724 Nihil
1406 3674 1432 3723 in
1454 3674 1501 3723 hac

248 3764 397 3829 quaestione
414 3762 538 3829 praestitit
561 3761 594 3812 G.
612 3761 696 3825 Julius
714 3760 867 3820 Schneider,
895 3760 938 3824 qui
962 3761 1160 3811 dissertationem
1179 3763 1326 3828 conscripsit
1345 3763 1377 3811 de
1394 3763 1502 3811 Diodori

246 3852 358 3902 lontibus
377 3849 487 3917 (I-IV)
508 3850 619 3900 Berolini
640 3848 720 3911 1880,
749 3863 903 3913 quamquam
925 3863 1020 3909 exeo,
1046 3852 1115 3914 quod
1133 3851 1177 3899 ille
1196 3852 1242 3900 sibi
1265 3851 1376 3900 effecisse
1393 3850 1500 3912 videtur,

247 3956 305 3988 eum
323 3941 403 3989 multa
420 3947 446 3989 et
464 3955 530 3988 nova
543 3922 644 3987 Timaei
662 3935 768 4000 vestigia
781 3935 808 3984 in
818 3935 926 3985 Diodori
941 3936 1006 3986 libro
1018 3927 1056 3987 IV
1069 3939 1263 4004 deprehendisse
1275 3939 1348 3989 facile
1359 3939 1500 4004 suspiceris.

247 4027 315 4076 Nam
335 4027 491 4086 »omnibus«
512 4027 595 4091 inquit
614 4043 641 4091 p.
660 4035 700 4088 73,
723 4025 821 4083 nebus,
849 4026 1017 4088 quantumin
1034 4042 1075 4076 me
1093 4035 1137 4086 est,
1161 4027 1316 4087 examinatis,
1336 4028 1422 4076 videor
1439 4025 1502 4076 mihi

247 4114 347 4180 optimo
365 4114 419 4164 iure
436 4130 529 4178 negare
547 4115 641 4164 librum
653 4113 691 4162 IV
709 4128 740 4162 ex
751 4113 855 4162 diversis
875 4113 989 4163 sontibus
1007 4116 1153 4174 manavisse,
1175 4115 1312 4180 exscriptus
1328 4115 1427 4165 videtur
1439 4132 1503 4166 unus

247 4202 390 4252 Timaeus«
429 4202 506 4252 Cuius
524 4203 663 4252 sententiae
681 4216 782 4262 causas,
812 4217 874 4266 quas
898 4202 972 4265 dicit,
999 4202 1151 4268 quicumque
1170 4203 1270 4267 legerit,
1295 4203 1356 4253 mihi
1378 4204 1500 4269 ignoscet,

247 4289 291 4356 qui
310 4306 352 4340 eas
370 4288 477 4340 refutare
493 4292 679 4355 supersedeam.

301 4384 401 4432 Bothe,
415 4382 568 4435 Quaestiones·
1283 4388 1298 4439 3
