<?xml version="1.0" encoding="UTF-8"?>
<!DOCTYPE html PUBLIC "-//W3C//DTD XHTML 1.0 Transitional//EN"
    "http://www.w3.org/TR/xhtml1/DTD/xhtml1-transitional.dtd">
<html xmlns="http://www.w3.org/1999/xhtml" xml:lang="en" lang="en">
 <head>
  <title>
</title>
<meta http-equiv="Content-Type" content="text/html;charset=utf-8" />
  <meta name='ocr-system' content='tesseract 3.04.00' />
  <meta name='ocr-capabilities' content='ocr_page ocr_carea ocr_par ocr_line ocrx_word'/>
</head>
<body>
  <div class='ocr_page' id='page_1' title='image "./quaestionesdiod01bethgoog_0027.png"; bbox 0 0 3480 5030; ppageno 0'>
   <div class='ocr_carea' id='block_1_1' title="bbox 783 430 994 477">
    <p class='ocr_par' dir='ltr' id='par_1_1' title="bbox 783 430 994 477">
     <span class='ocr_line' id='line_1_1' title="bbox 783 430 994 477; baseline 0.005 -15"><span class='ocrx_word' id='word_1_1' title='bbox 783 430 994 477; x_wconf 87' lang='lat'><strong>..22-</strong></span> 
     </span>
    </p>
   </div>
   <div class='ocr_carea' id='block_1_2' title="bbox 256 584 1525 1819">
    <p class='ocr_par' dir='ltr' id='par_1_2' title="bbox 256 584 1525 1302">
     <span class='ocr_line' id='line_1_2' title="bbox 259 584 1525 667; baseline -0.003 -13"><span class='ocrx_word' id='word_1_2' title='bbox 259 600 293 654; x_wconf 91' lang='lat' dir='ltr'><strong>et</strong></span> <span class='ocrx_word' id='word_1_3' title='bbox 316 590 454 653; x_wconf 92' lang='lat' dir='ltr'><strong>molesta</strong></span> <span class='ocrx_word' id='word_1_4' title='bbox 476 596 526 650; x_wconf 93' lang='lat' dir='ltr'><strong>est</strong></span> <span class='ocrx_word' id='word_1_5' title='bbox 555 608 581 650; x_wconf 94' lang='lat' dir='ltr'><strong>c.</strong></span> <span class='ocrx_word' id='word_1_6' title='bbox 608 599 644 667; x_wconf 92' lang='grc'><strong>55</strong></span> <span class='ocrx_word' id='word_1_7' title='bbox 670 590 690 667; x_wconf 63' lang='grc' dir='ltr'><strong>ξ</strong></span> <span class='ocrx_word' id='word_1_8' title='bbox 714 602 750 662; x_wconf 95' lang='grc'><strong>2,</strong></span> <span class='ocrx_word' id='word_1_9' title='bbox 780 584 834 648; x_wconf 95' lang='lat' dir='ltr'><strong>ubi</strong></span> <span class='ocrx_word' id='word_1_10' title='bbox 863 585 1008 648; x_wconf 87' lang='lat' dir='ltr'><strong>celeriter</strong></span> <span class='ocrx_word' id='word_1_11' title='bbox 1036 585 1122 647; x_wconf 91' lang='lat' dir='ltr'><strong>diem</strong></span> <span class='ocrx_word' id='word_1_12' title='bbox 1151 605 1337 667; x_wconf 90' lang='lat' dir='ltr'><strong>supremum</strong></span> <span class='ocrx_word' id='word_1_13' title='bbox 1366 587 1451 664; x_wconf 93' lang='lat' dir='ltr'><strong>obit,</strong></span> <span class='ocrx_word' id='word_1_14' title='bbox 1482 597 1525 650; x_wconf 89' lang='lat' dir='ltr'><strong>ut</strong></span> 
     </span>
     <span class='ocr_line' id='line_1_3' title="bbox 259 689 1520 773; baseline -0.003 -14"><span class='ocrx_word' id='word_1_15' title='bbox 259 694 436 758; x_wconf 93' lang='lat' dir='ltr'><strong>Thessalus</strong></span> <span class='ocrx_word' id='word_1_16' title='bbox 454 693 576 756; x_wconf 89' lang='lat' dir='ltr'><strong>Iasonis</strong></span> <span class='ocrx_word' id='word_1_17' title='bbox 592 700 626 754; x_wconf 91' lang='lat' dir='ltr'><strong>et</strong></span> <span class='ocrx_word' id='word_1_18' title='bbox 641 691 777 754; x_wconf 87' lang='lat' dir='ltr'><strong>Medeae</strong></span> <span class='ocrx_word' id='word_1_19' title='bbox 793 689 875 752; x_wconf 92' lang='lat' dir='ltr'><strong>filius</strong></span> <span class='ocrx_word' id='word_1_20' title='bbox 890 691 973 752; x_wconf 90' lang='lat' dir='ltr'><strong>circa</strong></span> <span class='ocrx_word' id='word_1_21' title='bbox 987 689 1101 752; x_wconf 92' lang='lat' dir='ltr'><strong>decem</strong></span> <span class='ocrx_word' id='word_1_22' title='bbox 1117 710 1218 752; x_wconf 92' lang='lat' dir='ltr'><strong>annos</strong></span> <span class='ocrx_word' id='word_1_23' title='bbox 1233 700 1327 753; x_wconf 92' lang='lat' dir='ltr'><strong>natus</strong></span> <span class='ocrx_word' id='word_1_24' title='bbox 1347 693 1414 773; x_wconf 83' lang='lat' dir='ltr'><strong>(lv.</strong></span> <span class='ocrx_word' id='word_1_25' title='bbox 1431 713 1459 755; x_wconf 91' lang='lat' dir='ltr'><strong>c.</strong></span> <span class='ocrx_word' id='word_1_26' title='bbox 1478 707 1520 772; x_wconf 84' lang='lat'><strong>54</strong></span> 
     </span>
     <span class='ocr_line' id='line_1_4' title="bbox 261 795 1522 881; baseline -0.002 -19"><span class='ocrx_word' id='word_1_27' title='bbox 261 804 281 881; x_wconf 65' lang='grc' dir='ltr'>ξ</span> <span class='ocrx_word' id='word_1_28' title='bbox 308 803 336 881; x_wconf 91' lang='lat'><strong>1)</strong></span> <span class='ocrx_word' id='word_1_29' title='bbox 367 819 502 880; x_wconf 91' lang='lat' dir='ltr'><strong>regnum</strong></span> <span class='ocrx_word' id='word_1_30' title='bbox 532 797 636 880; x_wconf 83' lang='lat' dir='ltr'>possit</span> <span class='ocrx_word' id='word_1_31' title='bbox 665 797 834 877; x_wconf 86' lang='lat' dir='ltr'><strong>suscipere.</strong></span> <span class='ocrx_word' id='word_1_32' title='bbox 879 795 993 874; x_wconf 90' lang='lat' dir='ltr'><strong>Itaque</strong></span> <span class='ocrx_word' id='word_1_33' title='bbox 1021 795 1116 857; x_wconf 92' lang='lat' dir='ltr'><strong>statui</strong></span> <span class='ocrx_word' id='word_1_34' title='bbox 1144 797 1358 859; x_wconf 90' lang='lat' dir='ltr'><strong>necessarium</strong></span> <span class='ocrx_word' id='word_1_35' title='bbox 1380 797 1522 872; x_wconf 86' lang='lat' dir='ltr'><strong>videtur,</strong></span> 
     </span>
     <span class='ocr_line' id='line_1_5' title="bbox 257 898 1523 986; baseline -0.003 -17"><span class='ocrx_word' id='word_1_36' title='bbox 257 905 453 986; x_wconf 89' lang='lat' dir='ltr'><strong>Dionysium</strong></span> <span class='ocrx_word' id='word_1_37' title='bbox 484 903 565 965; x_wconf 90' lang='lat' dir='ltr'><strong>sicut</strong></span> <span class='ocrx_word' id='word_1_38' title='bbox 594 900 782 982; x_wconf 88' lang='lat' dir='ltr'><strong>Euripidem</strong></span> <span class='ocrx_word' id='word_1_39' title='bbox 812 901 842 963; x_wconf 89' lang='lat' dir='ltr'><strong>in</strong></span> <span class='ocrx_word' id='word_1_40' title='bbox 864 898 1094 979; x_wconf 59' lang='lat' dir='ltr'><strong>Peliadibusffi)</strong></span> <span class='ocrx_word' id='word_1_41' title='bbox 1117 899 1236 962; x_wconf 89' lang='lat' dir='ltr'><strong>Peliam</strong></span> <span class='ocrx_word' id='word_1_42' title='bbox 1266 900 1338 964; x_wconf 89' lang='lat' dir='ltr'><strong>filiis</strong></span> <span class='ocrx_word' id='word_1_43' title='bbox 1366 902 1523 965; x_wconf 86' lang='lat' dir='ltr'><strong>masculis</strong></span> 
     </span>
     <span class='ocr_line' id='line_1_6' title="bbox 258 1005 1523 1087; baseline -0.003 -14"><span class='ocrx_word' id='word_1_44' title='bbox 258 1029 277 1073; x_wconf 93' lang='lat' dir='ltr'><strong>e</strong></span> <span class='ocrx_word' id='word_1_45' title='bbox 305 1018 417 1072; x_wconf 90' lang='lat' dir='ltr'><strong>natura</strong></span> <span class='ocrx_word' id='word_1_46' title='bbox 445 1006 561 1070; x_wconf 89' lang='lat' dir='ltr'><strong>orbum</strong></span> <span class='ocrx_word' id='word_1_47' title='bbox 590 1006 725 1081; x_wconf 88' lang='lat' dir='ltr'><strong>dixisse,</strong></span> <span class='ocrx_word' id='word_1_48' title='bbox 757 1005 938 1068; x_wconf 88' lang='lat' dir='ltr'><strong>Diodorum</strong></span> <span class='ocrx_word' id='word_1_49' title='bbox 968 1013 1092 1079; x_wconf 90' lang='lat' dir='ltr'><strong>autem,</strong></span> <span class='ocrx_word' id='word_1_50' title='bbox 1123 1025 1163 1067; x_wconf 90' lang='lat' dir='ltr'><strong>ne</strong></span> <span class='ocrx_word' id='word_1_51' title='bbox 1192 1005 1285 1067; x_wconf 92' lang='lat' dir='ltr'><strong>nimis</strong></span> <span class='ocrx_word' id='word_1_52' title='bbox 1314 1007 1354 1070; x_wconf 94' lang='lat' dir='ltr'><strong>de</strong></span> <span class='ocrx_word' id='word_1_53' title='bbox 1383 1006 1523 1087; x_wconf 86' lang='lat' dir='ltr'><strong>vulgata</strong></span> 
     </span>
     <span class='ocr_line' id='line_1_7' title="bbox 258 1109 1520 1194; baseline -0.004 -15"><span class='ocrx_word' id='word_1_54' title='bbox 258 1115 473 1194; x_wconf 90' lang='lat' dir='ltr'><strong>omnibusque</strong></span> <span class='ocrx_word' id='word_1_55' title='bbox 511 1121 588 1174; x_wconf 89' lang='lat' dir='ltr'><strong>nota</strong></span> <span class='ocrx_word' id='word_1_56' title='bbox 617 1110 752 1174; x_wconf 81' lang='lat' dir='ltr'><strong>fabulari</strong></span> <span class='ocrx_word' id='word_1_57' title='bbox 780 1111 911 1173; x_wconf 92' lang='lat' dir='ltr'><strong>historia</strong></span> <span class='ocrx_word' id='word_1_58' title='bbox 943 1109 1156 1172; x_wconf 85' lang='lat' dir='ltr'><strong>narrationem</strong></span> <span class='ocrx_word' id='word_1_59' title='bbox 1191 1130 1283 1172; x_wconf 92' lang='lat' dir='ltr'><strong>suam</strong></span> <span class='ocrx_word' id='word_1_60' title='bbox 1319 1110 1520 1187; x_wconf 84' lang='lat' dir='ltr'><strong>deflecteret,</strong></span> 
     </span>
     <span class='ocr_line' id='line_1_8' title="bbox 256 1214 1142 1302; baseline -0.003 -19"><span class='ocrx_word' id='word_1_61' title='bbox 256 1221 362 1302; x_wconf 91' lang='lat' dir='ltr'><strong>ipsum</strong></span> <span class='ocrx_word' id='word_1_62' title='bbox 386 1218 546 1281; x_wconf 89' lang='lat' dir='ltr'><strong>addidisse</strong></span> <span class='ocrx_word' id='word_1_63' title='bbox 568 1215 733 1279; x_wconf 87' lang='lat' dir='ltr'><strong>clarissimi</strong></span> <span class='ocrx_word' id='word_1_64' title='bbox 754 1214 866 1277; x_wconf 89' lang='lat' dir='ltr'><strong>Acasti</strong></span> <span class='ocrx_word' id='word_1_65' title='bbox 889 1214 1142 1294; x_wconf 61' lang='lat' dir='ltr'><strong>mentionemw).</strong></span> 
     </span>
    </p>

    <p class='ocr_par' dir='ltr' id='par_1_3' title="bbox 256 1317 1518 1819">
     <span class='ocr_line' id='line_1_9' title="bbox 344 1317 1518 1399; baseline -0.004 -12"><span class='ocrx_word' id='word_1_66' title='bbox 344 1322 495 1387; x_wconf 86' lang='lat' dir='ltr'><strong>Similiter</strong></span> <span class='ocrx_word' id='word_1_67' title='bbox 515 1320 680 1382; x_wconf 91' lang='lat' dir='ltr'><strong>Diodorus</strong></span> <span class='ocrx_word' id='word_1_68' title='bbox 703 1339 770 1380; x_wconf 94' lang='lat' dir='ltr'><strong>rem</strong></span> <span class='ocrx_word' id='word_1_69' title='bbox 793 1320 859 1399; x_wconf 89' lang='lat' dir='ltr'><strong>egit</strong></span> <span class='ocrx_word' id='word_1_70' title='bbox 881 1340 908 1382; x_wconf 88' lang='lat' dir='ltr'><strong>e.</strong></span> <span class='ocrx_word' id='word_1_71' title='bbox 931 1334 970 1399; x_wconf 84' lang='lat'><strong>45</strong></span> <span class='ocrx_word' id='word_1_72' title='bbox 996 1322 1016 1399; x_wconf 65' lang='grc' dir='ltr'>ξ</span> <span class='ocrx_word' id='word_1_73' title='bbox 1038 1336 1060 1396; x_wconf 90' lang='grc'>4</span> <span class='ocrx_word' id='word_1_74' title='bbox 1081 1339 1128 1398; x_wconf 92' lang='lat' dir='ltr'><strong>sq.</strong></span> <span class='ocrx_word' id='word_1_75' title='bbox 1172 1317 1237 1382; x_wconf 93' lang='lat' dir='ltr'><strong>Ubi</strong></span> <span class='ocrx_word' id='word_1_76' title='bbox 1259 1329 1374 1393; x_wconf 88' lang='lat' dir='ltr'><strong>narrat,</strong></span> <span class='ocrx_word' id='word_1_77' title='bbox 1399 1318 1518 1383; x_wconf 79' lang='lat' dir='ltr'><strong>Circen</strong></span> 
     </span>
     <span class='ocr_line' id='line_1_10' title="bbox 256 1422 1518 1506; baseline -0.004 -13"><span class='ocrx_word' id='word_1_78' title='bbox 256 1430 393 1492; x_wconf 91' lang='lat' dir='ltr'><strong>Medeae</strong></span> <span class='ocrx_word' id='word_1_79' title='bbox 409 1446 553 1491; x_wconf 91' lang='lat' dir='ltr'><strong>sororem</strong></span> <span class='ocrx_word' id='word_1_80' title='bbox 569 1422 765 1506; x_wconf 88' lang='lat' dir='ltr'><strong>Scytharum</strong></span> <span class='ocrx_word' id='word_1_81' title='bbox 788 1443 863 1504; x_wconf 90' lang='lat' dir='ltr'><strong>rege</strong></span> <span class='ocrx_word' id='word_1_82' title='bbox 885 1424 998 1486; x_wconf 91' lang='lat' dir='ltr'><strong>marito</strong></span> <span class='ocrx_word' id='word_1_83' title='bbox 1014 1423 1181 1486; x_wconf 85' lang='lat' dir='ltr'><strong>interiecto</strong></span> <span class='ocrx_word' id='word_1_84' title='bbox 1196 1425 1300 1504; x_wconf 85' lang='lat' dir='ltr'><strong>ipsam</strong></span> <span class='ocrx_word' id='word_1_85' title='bbox 1315 1433 1382 1486; x_wconf 92' lang='lat' dir='ltr'><strong>tam</strong></span> <span class='ocrx_word' id='word_1_86' title='bbox 1404 1426 1518 1488; x_wconf 76' lang='lat' dir='ltr'><strong>erude-</strong></span> 
     </span>
     <span class='ocr_line' id='line_1_11' title="bbox 256 1526 1516 1615; baseline -0.005 -17"><span class='ocrx_word' id='word_1_87' title='bbox 256 1535 329 1598; x_wconf 87' lang='lat' dir='ltr'><strong>liter</strong></span> <span class='ocrx_word' id='word_1_88' title='bbox 340 1551 500 1615; x_wconf 87' lang='lat' dir='ltr'><strong>regnasse,</strong></span> <span class='ocrx_word' id='word_1_89' title='bbox 513 1539 548 1592; x_wconf 90' lang='lat' dir='ltr'><strong>ut</strong></span> <span class='ocrx_word' id='word_1_90' title='bbox 559 1549 578 1592; x_wconf 91' lang='lat' dir='ltr'><strong>a</strong></span> <span class='ocrx_word' id='word_1_91' title='bbox 590 1528 713 1611; x_wconf 91' lang='lat' dir='ltr'><strong>populo</strong></span> <span class='ocrx_word' id='word_1_92' title='bbox 726 1526 860 1608; x_wconf 91' lang='lat' dir='ltr'><strong>expulsa</strong></span> <span class='ocrx_word' id='word_1_93' title='bbox 871 1538 973 1605; x_wconf 91' lang='lat' dir='ltr'><strong>esset;</strong></span> <span class='ocrx_word' id='word_1_94' title='bbox 991 1538 1060 1591; x_wconf 91' lang='lat' dir='ltr'><strong>tum</strong></span> <span class='ocrx_word' id='word_1_95' title='bbox 1071 1549 1149 1590; x_wconf 89' lang='lat' dir='ltr'><strong>vero</strong></span> <span class='ocrx_word' id='word_1_96' title='bbox 1161 1527 1280 1608; x_wconf 86' lang='lat' dir='ltr'><strong>fugisse</strong></span> <span class='ocrx_word' id='word_1_97' title='bbox 1291 1537 1324 1592; x_wconf 93' lang='lat' dir='ltr'><strong>et</strong></span> <span class='ocrx_word' id='word_1_98' title='bbox 1335 1530 1516 1592; x_wconf 87' lang='lat' dir='ltr'><strong>secundum·</strong></span> 
     </span>
     <span class='ocr_line' id='line_1_12' title="bbox 257 1631 1517 1717; baseline -0.004 -15"><span class='ocrx_word' id='word_1_99' title='bbox 257 1638 428 1702; x_wconf 92' lang='lat' dir='ltr'><strong>nonnullos</strong></span> <span class='ocrx_word' id='word_1_100' title='bbox 450 1634 710 1717; x_wconf 91' lang='lat' dir='ltr'><strong>mythographos</strong></span> <span class='ocrx_word' id='word_1_101' title='bbox 730 1633 761 1694; x_wconf 95' lang='lat' dir='ltr'><strong>in</strong></span> <span class='ocrx_word' id='word_1_102' title='bbox 779 1631 911 1696; x_wconf 91' lang='lat' dir='ltr'><strong>Oceano</strong></span> <span class='ocrx_word' id='word_1_103' title='bbox 931 1633 1066 1695; x_wconf 88' lang='lat' dir='ltr'><strong>insulam</strong></span> <span class='ocrx_word' id='word_1_104' title='bbox 1089 1633 1283 1695; x_wconf 87' lang='lat' dir='ltr'><strong>domicilium</strong></span> <span class='ocrx_word' id='word_1_105' title='bbox 1305 1633 1441 1715; x_wconf 88' lang='lat' dir='ltr'><strong>elegisse</strong></span> <span class='ocrx_word' id='word_1_106' title='bbox 1456 1644 1517 1698; x_wconf 87' lang='lat' dir='ltr'><strong>aut</strong></span> 
     </span>
     <span class='ocr_line' id='line_1_13' title="bbox 256 1736 1511 1819; baseline -0.006 -11"><span class='ocrx_word' id='word_1_107' title='bbox 256 1744 434 1809; x_wconf 90' lang='lat' dir='ltr'><strong>secundum</strong></span> <span class='ocrx_word' id='word_1_108' title='bbox 455 1739 626 1803; x_wconf 93' lang='lat' dir='ltr'><strong>nonnullos</strong></span> <span class='ocrx_word' id='word_1_109' title='bbox 648 1738 818 1801; x_wconf 88' lang='lat' dir='ltr'><strong>historicos</strong></span> <span class='ocrx_word' id='word_1_110' title='bbox 841 1738 871 1799; x_wconf 94' lang='lat' dir='ltr'><strong>in</strong></span> <span class='ocrx_word' id='word_1_111' title='bbox 888 1736 1021 1800; x_wconf 89' lang='lat' dir='ltr'><strong>Circaeo</strong></span> <span class='ocrx_word' id='word_1_112' title='bbox 1044 1737 1153 1800; x_wconf 90' lang='lat' dir='ltr'><strong>ltaliae</strong></span> <span class='ocrx_word' id='word_1_113' title='bbox 1178 1739 1401 1819; x_wconf 90' lang='lat' dir='ltr'><strong>promuntorio</strong></span> <span class='ocrx_word' id='word_1_114' title='bbox 1424 1738 1511 1802; x_wconf 91' lang='lat' dir='ltr'><strong>habi·</strong></span> 
     </span>
    </p>
   </div>
   <div class='ocr_carea' id='block_1_3' title="bbox 254 1843 1539 1924">
    <p class='ocr_par' dir='ltr' id='par_1_4' title="bbox 254 1843 1539 1924">
     <span class='ocr_line' id='line_1_14' title="bbox 254 1843 1539 1924; baseline -0.003 -12"><span class='ocrx_word' id='word_1_115' title='bbox 254 1858 349 1912; x_wconf 92' lang='lat' dir='ltr'><strong>tasse.</strong></span> <span class='ocrx_word' id='word_1_116' title='bbox 392 1847 444 1910; x_wconf 93' lang='lat' dir='ltr'><strong>De</strong></span> <span class='ocrx_word' id='word_1_117' title='bbox 459 1845 552 1907; x_wconf 90' lang='lat' dir='ltr'><strong>variis</strong></span> <span class='ocrx_word' id='word_1_118' title='bbox 575 1843 624 1905; x_wconf 92' lang='lat' dir='ltr'><strong>his</strong></span> <span class='ocrx_word' id='word_1_119' title='bbox 646 1843 819 1917; x_wconf 90' lang='lat' dir='ltr'><strong>sententiis,</strong></span> <span class='ocrx_word' id='word_1_120' title='bbox 843 1862 923 1923; x_wconf 91' lang='lat' dir='ltr'><strong>quas</strong></span> <span class='ocrx_word' id='word_1_121' title='bbox 940 1862 1045 1917; x_wconf 92' lang='lat' dir='ltr'><strong>nemo,</strong></span> <span class='ocrx_word' id='word_1_122' title='bbox 1070 1844 1123 1922; x_wconf 91' lang='lat' dir='ltr'><strong>qui</strong></span> <span class='ocrx_word' id='word_1_123' title='bbox 1147 1863 1200 1906; x_wconf 92' lang='lat' dir='ltr'><strong>me</strong></span> <span class='ocrx_word' id='word_1_124' title='bbox 1221 1853 1308 1907; x_wconf 91' lang='lat' dir='ltr'><strong>reete</strong></span> <span class='ocrx_word' id='word_1_125' title='bbox 1329 1845 1516 1924; x_wconf 90' lang='lat' dir='ltr'><strong>disputasse</strong></span> <span class='ocrx_word' id='word_1_126' title='bbox 1534 1915 1539 1924; x_wconf 50' lang='grc'>,</span> 
     </span>
    </p>
   </div>
   <div class='ocr_carea' id='block_1_4' title="bbox 171 1938 1515 3612">
    <p class='ocr_par' dir='ltr' id='par_1_5' title="bbox 171 1938 1515 3188">
     <span class='ocr_line' id='line_1_15' title="bbox 254 1938 1515 2030; baseline -0.004 -13"><span class='ocrx_word' id='word_1_127' title='bbox 254 1953 419 2027; x_wconf 90' lang='lat' dir='ltr'><strong>concedit,</strong></span> <span class='ocrx_word' id='word_1_128' title='bbox 453 1951 495 2012; x_wconf 92' lang='lat' dir='ltr'><strong>ad</strong></span> <span class='ocrx_word' id='word_1_129' title='bbox 523 1949 718 2030; x_wconf 91' lang='lat' dir='ltr'><strong>Dionysium</strong></span> <span class='ocrx_word' id='word_1_130' title='bbox 752 1938 883 2022; x_wconf 80' lang='lat' dir='ltr'><strong>reserat,</strong></span> <span class='ocrx_word' id='word_1_131' title='bbox 917 1947 990 2010; x_wconf 91' lang='lat' dir='ltr'><strong>vide</strong></span> <span class='ocrx_word' id='word_1_132' title='bbox 1022 1948 1110 2028; x_wconf 92' lang='lat' dir='ltr'><strong>quod</strong></span> <span class='ocrx_word' id='word_1_133' title='bbox 1143 1948 1313 2011; x_wconf 89' lang='lat' dir='ltr'><strong>Eduardus</strong></span> <span class='ocrx_word' id='word_1_134' title='bbox 1346 1947 1515 2012; x_wconf 86' lang='lat' dir='ltr'><strong>Schwartz</strong></span> 
     </span>
     <span class='ocr_line' id='line_1_16' title="bbox 253 2051 1515 2143; baseline -0.002 -22"><span class='ocrx_word' id='word_1_135' title='bbox 253 2081 285 2143; x_wconf 92' lang='lat' dir='ltr'><strong>p.</strong></span> <span class='ocrx_word' id='word_1_136' title='bbox 314 2077 346 2121; x_wconf 92' lang='lat'><strong>11</strong></span> <span class='ocrx_word' id='word_1_137' title='bbox 372 2078 420 2138; x_wconf 94' lang='lat' dir='ltr'><strong>sq.</strong></span> <span class='ocrx_word' id='word_1_138' title='bbox 444 2055 533 2120; x_wconf 91' lang='lat' dir='ltr'><strong>dixit.</strong></span> <span class='ocrx_word' id='word_1_139' title='bbox 577 2052 647 2116; x_wconf 92' lang='lat' dir='ltr'><strong>Nos</strong></span> <span class='ocrx_word' id='word_1_140' title='bbox 669 2073 746 2115; x_wconf 91' lang='lat' dir='ltr'><strong>vero</strong></span> <span class='ocrx_word' id='word_1_141' title='bbox 777 2071 983 2134; x_wconf 89' lang='lat' dir='ltr'><strong>quaeramus,</strong></span> <span class='ocrx_word' id='word_1_142' title='bbox 1014 2061 1120 2114; x_wconf 90' lang='lat' dir='ltr'><strong>utrum</strong></span> <span class='ocrx_word' id='word_1_143' title='bbox 1143 2051 1308 2116; x_wconf 90' lang='lat' dir='ltr'><strong>Diodorus</strong></span> <span class='ocrx_word' id='word_1_144' title='bbox 1336 2055 1367 2116; x_wconf 93' lang='lat' dir='ltr'><strong>in</strong></span> <span class='ocrx_word' id='word_1_145' title='bbox 1397 2053 1515 2119; x_wconf 87' lang='lat' dir='ltr'><strong>Circae</strong></span> 
     </span>
     <span class='ocr_line' id='line_1_17' title="bbox 253 2155 1514 2239; baseline 0 -15"><span class='ocrx_word' id='word_1_146' title='bbox 253 2170 340 2225; x_wconf 88' lang='lat' dir='ltr'><strong>sorte</strong></span> <span class='ocrx_word' id='word_1_147' title='bbox 368 2160 535 2223; x_wconf 86' lang='lat' dir='ltr'><strong>referenda</strong></span> <span class='ocrx_word' id='word_1_148' title='bbox 560 2157 870 2239; x_wconf 88' lang='lat' dir='ltr'><strong>Scytobrachionem</strong></span> <span class='ocrx_word' id='word_1_149' title='bbox 899 2167 1027 2220; x_wconf 89' lang='lat' dir='ltr'><strong>secutus</strong></span> <span class='ocrx_word' id='word_1_150' title='bbox 1057 2177 1127 2220; x_wconf 89' lang='lat' dir='ltr'><strong>esse</strong></span> <span class='ocrx_word' id='word_1_151' title='bbox 1157 2155 1335 2221; x_wconf 87' lang='lat' dir='ltr'><strong>censendus</strong></span> <span class='ocrx_word' id='word_1_152' title='bbox 1362 2160 1418 2235; x_wconf 92' lang='lat' dir='ltr'><strong>sit,</strong></span> <span class='ocrx_word' id='word_1_153' title='bbox 1449 2181 1514 2224; x_wconf 91' lang='lat' dir='ltr'><strong>nec</strong></span> 
     </span>
     <span class='ocr_line' id='line_1_18' title="bbox 171 2262 1512 2347; baseline 0 -18"><span class='ocrx_word' id='word_1_154' title='bbox 171 2271 173 2278; x_wconf 82' lang='grc'>’</span> <span class='ocrx_word' id='word_1_155' title='bbox 252 2287 302 2330; x_wconf 91' lang='lat' dir='ltr'><strong>ne.</strong></span> <span class='ocrx_word' id='word_1_156' title='bbox 346 2266 399 2328; x_wconf 92' lang='lat' dir='ltr'><strong>Ac</strong></span> <span class='ocrx_word' id='word_1_157' title='bbox 421 2266 560 2347; x_wconf 93' lang='lat' dir='ltr'><strong>primum</strong></span> <span class='ocrx_word' id='word_1_158' title='bbox 585 2264 744 2338; x_wconf 86' lang='lat' dir='ltr'><strong>miramur,</strong></span> <span class='ocrx_word' id='word_1_159' title='bbox 768 2283 899 2344; x_wconf 89' lang='lat' dir='ltr'><strong>prorsus</strong></span> <span class='ocrx_word' id='word_1_160' title='bbox 921 2263 1006 2324; x_wconf 94' lang='lat' dir='ltr'><strong>idem</strong></span> <span class='ocrx_word' id='word_1_161' title='bbox 1029 2262 1092 2324; x_wconf 91' lang='lat' dir='ltr'><strong>hoc</strong></span> <span class='ocrx_word' id='word_1_162' title='bbox 1112 2262 1187 2325; x_wconf 92' lang='lat' dir='ltr'><strong>loco</strong></span> <span class='ocrx_word' id='word_1_163' title='bbox 1210 2263 1250 2326; x_wconf 92' lang='lat' dir='ltr'><strong>de</strong></span> <span class='ocrx_word' id='word_1_164' title='bbox 1266 2263 1359 2328; x_wconf 89' lang='lat' dir='ltr'><strong>Circa</strong></span> <span class='ocrx_word' id='word_1_165' title='bbox 1377 2267 1512 2341; x_wconf 89' lang='lat' dir='ltr'><strong>narrari,</strong></span> 
     </span>
     <span class='ocr_line' id='line_1_19' title="bbox 252 2366 1511 2456; baseline 0.001 -22"><span class='ocrx_word' id='word_1_166' title='bbox 252 2371 341 2453; x_wconf 92' lang='lat' dir='ltr'><strong>quod</strong></span> <span class='ocrx_word' id='word_1_167' title='bbox 363 2371 405 2433; x_wconf 90' lang='lat' dir='ltr'><strong>de</strong></span> <span class='ocrx_word' id='word_1_168' title='bbox 425 2370 550 2433; x_wconf 89' lang='lat' dir='ltr'><strong>Hecata</strong></span> <span class='ocrx_word' id='word_1_169' title='bbox 573 2377 675 2432; x_wconf 87' lang='lat' dir='ltr'><strong>matre</strong></span> <span class='ocrx_word' id='word_1_170' title='bbox 696 2383 735 2448; x_wconf 86' lang='lat'><strong>45</strong></span> <span class='ocrx_word' id='word_1_171' title='bbox 759 2370 780 2448; x_wconf 61' lang='grc' dir='ltr'>ξ</span> <span class='ocrx_word' id='word_1_172' title='bbox 803 2383 831 2443; x_wconf 93' lang='grc'><strong>2,</strong></span> <span class='ocrx_word' id='word_1_173' title='bbox 856 2385 872 2446; x_wconf 87' lang='lat'>3</span> <span class='ocrx_word' id='word_1_174' title='bbox 892 2371 946 2449; x_wconf 91' lang='lat'><strong>(=</strong></span> <span class='ocrx_word' id='word_1_175' title='bbox 967 2366 1067 2430; x_wconf 87' lang='lat' dir='ltr'><strong>schol.</strong></span> <span class='ocrx_word' id='word_1_176' title='bbox 1091 2367 1247 2448; x_wconf 91' lang='lat' dir='ltr'><strong>Apollon.</strong></span> <span class='ocrx_word' id='word_1_177' title='bbox 1269 2370 1331 2433; x_wconf 91' lang='lat' dir='ltr'><strong>Rh.</strong></span> <span class='ocrx_word' id='word_1_178' title='bbox 1355 2371 1410 2434; x_wconf 90' lang='lat' dir='ltr'><strong>III.</strong></span> <span class='ocrx_word' id='word_1_179' title='bbox 1433 2374 1511 2456; x_wconf 83' lang='lat'><em>200)</em></span> 
     </span>
     <span class='ocr_line' id='line_1_20' title="bbox 251 2473 1513 2559; baseline 0 -19"><span class='ocrx_word' id='word_1_180' title='bbox 251 2477 398 2559; x_wconf 87' lang='lat' dir='ltr'><strong>legimus.</strong></span> <span class='ocrx_word' id='word_1_181' title='bbox 438 2475 524 2538; x_wconf 92' lang='lat' dir='ltr'><strong>Tum</strong></span> <span class='ocrx_word' id='word_1_182' title='bbox 537 2495 615 2538; x_wconf 91' lang='lat' dir='ltr'><strong>vero</strong></span> <span class='ocrx_word' id='word_1_183' title='bbox 637 2495 663 2539; x_wconf 93' lang='lat' dir='ltr'><strong>c.</strong></span> <span class='ocrx_word' id='word_1_184' title='bbox 678 2488 719 2554; x_wconf 86' lang='lat'><strong>47</strong></span> <span class='ocrx_word' id='word_1_185' title='bbox 737 2475 757 2552; x_wconf 58' lang='grc' dir='ltr'>ᾧ</span> <span class='ocrx_word' id='word_1_186' title='bbox 775 2487 801 2552; x_wconf 88' lang='grc'><strong>5,</strong></span> <span class='ocrx_word' id='word_1_187' title='bbox 818 2473 847 2545; x_wconf 90' lang='grc'><strong>6,</strong></span> <span class='ocrx_word' id='word_1_188' title='bbox 872 2493 955 2554; x_wconf 87' lang='lat' dir='ltr'><strong>quae</strong></span> <span class='ocrx_word' id='word_1_189' title='bbox 971 2473 1046 2553; x_wconf 91' lang='lat' dir='ltr'><strong>quin</strong></span> <span class='ocrx_word' id='word_1_190' title='bbox 1062 2473 1104 2534; x_wconf 94' lang='lat' dir='ltr'><strong>ad</strong></span> <span class='ocrx_word' id='word_1_191' title='bbox 1118 2473 1310 2554; x_wconf 89' lang='lat' dir='ltr'><strong>Dionysium</strong></span> <span class='ocrx_word' id='word_1_192' title='bbox 1326 2476 1513 2557; x_wconf 87' lang='lat' dir='ltr'><strong>pertineant</strong></span> 
     </span>
     <span class='ocr_line' id='line_1_21' title="bbox 250 2577 1511 2664; baseline 0.001 -19"><span class='ocrx_word' id='word_1_193' title='bbox 250 2582 388 2646; x_wconf 90' lang='lat' dir='ltr'><strong>dubitari</strong></span> <span class='ocrx_word' id='word_1_194' title='bbox 417 2582 526 2661; x_wconf 91' lang='lat' dir='ltr'><strong>nequit</strong></span> <span class='ocrx_word' id='word_1_195' title='bbox 554 2580 606 2650; x_wconf 87' lang='lat' dir='ltr'><strong>(cf.</strong></span> <span class='ocrx_word' id='word_1_196' title='bbox 630 2578 728 2642; x_wconf 90' lang='lat' dir='ltr'><strong>schol.</strong></span> <span class='ocrx_word' id='word_1_197' title='bbox 752 2577 908 2660; x_wconf 89' lang='lat' dir='ltr'><strong>Apollon.</strong></span> <span class='ocrx_word' id='word_1_198' title='bbox 930 2577 991 2642; x_wconf 91' lang='lat' dir='ltr'><strong>Rh.</strong></span> <span class='ocrx_word' id='word_1_199' title='bbox 1015 2578 1038 2640; x_wconf 94' lang='grc' dir='ltr'><strong>Ι.</strong></span> <span class='ocrx_word' id='word_1_200' title='bbox 1064 2577 1125 2657; x_wconf 97' lang='grc'>256</span> <span class='ocrx_word' id='word_1_201' title='bbox 1147 2588 1208 2653; x_wconf 89' lang='lat' dir='ltr'><strong>etc,</strong></span> <span class='ocrx_word' id='word_1_202' title='bbox 1233 2589 1266 2643; x_wconf 91' lang='lat' dir='ltr'><strong>et</strong></span> <span class='ocrx_word' id='word_1_203' title='bbox 1295 2601 1378 2662; x_wconf 92' lang='lat' dir='ltr'><strong>quae</strong></span> <span class='ocrx_word' id='word_1_204' title='bbox 1407 2602 1511 2664; x_wconf 89' lang='lat' dir='ltr'><strong>supra</strong></span> 
     </span>
     <span class='ocr_line' id='line_1_22' title="bbox 249 2683 1508 2769; baseline 0.001 -19"><span class='ocrx_word' id='word_1_205' title='bbox 249 2686 475 2769; x_wconf 90' lang='lat' dir='ltr'><strong>disseruimus),</strong></span> <span class='ocrx_word' id='word_1_206' title='bbox 500 2686 662 2759; x_wconf 85' lang='lat' dir='ltr'><strong>exhibent,</strong></span> <span class='ocrx_word' id='word_1_207' title='bbox 680 2683 874 2764; x_wconf 89' lang='lat' dir='ltr'><strong>Scytharum</strong></span> <span class='ocrx_word' id='word_1_208' title='bbox 891 2703 1010 2764; x_wconf 89' lang='lat' dir='ltr'><strong>regem,</strong></span> <span class='ocrx_word' id='word_1_209' title='bbox 1031 2683 1155 2746; x_wconf 88' lang='lat' dir='ltr'><strong>Aeetae</strong></span> <span class='ocrx_word' id='word_1_210' title='bbox 1171 2706 1334 2766; x_wconf 88' lang='lat' dir='ltr'><strong>generum,</strong></span> <span class='ocrx_word' id='word_1_211' title='bbox 1350 2687 1508 2751; x_wconf 89' lang='lat' dir='ltr'><strong>Phrixum</strong></span> 
     </span>
     <span class='ocr_line' id='line_1_23' title="bbox 249 2788 1509 2875; baseline 0.002 -20"><span class='ocrx_word' id='word_1_212' title='bbox 249 2813 377 2856; x_wconf 91' lang='lat' dir='ltr'><strong>amasse</strong></span> <span class='ocrx_word' id='word_1_213' title='bbox 392 2802 437 2856; x_wconf 87' lang='lat' dir='ltr'><strong>et</strong></span> <span class='ocrx_word' id='word_1_214' title='bbox 467 2792 496 2854; x_wconf 92' lang='lat' dir='ltr'><strong>ei</strong></span> <span class='ocrx_word' id='word_1_215' title='bbox 522 2799 557 2854; x_wconf 94' lang='lat' dir='ltr'><strong>ut</strong></span> <span class='ocrx_word' id='word_1_216' title='bbox 579 2789 644 2854; x_wconf 88' lang='lat' dir='ltr'><strong>filio</strong></span> <span class='ocrx_word' id='word_1_217' title='bbox 668 2809 802 2870; x_wconf 89' lang='lat' dir='ltr'><strong>regnum</strong></span> <span class='ocrx_word' id='word_1_218' title='bbox 825 2789 997 2870; x_wconf 89' lang='lat' dir='ltr'><strong>reliquisse.</strong></span> <span class='ocrx_word' id='word_1_219' title='bbox 1042 2788 1156 2870; x_wconf 93' lang='lat' dir='ltr'><strong>Itaque</strong></span> <span class='ocrx_word' id='word_1_220' title='bbox 1179 2791 1279 2854; x_wconf 92' lang='lat' dir='ltr'><strong>multa</strong></span> <span class='ocrx_word' id='word_1_221' title='bbox 1302 2794 1509 2875; x_wconf 89' lang='lat' dir='ltr'><strong>disputemus</strong></span> 
     </span>
     <span class='ocr_line' id='line_1_24' title="bbox 248 2892 1506 2980; baseline 0.001 -19"><span class='ocrx_word' id='word_1_222' title='bbox 248 2919 314 2961; x_wconf 94' lang='lat' dir='ltr'><strong>non</strong></span> <span class='ocrx_word' id='word_1_223' title='bbox 336 2917 476 2960; x_wconf 88' lang='lat' dir='ltr'><strong>necesse.</strong></span> <span class='ocrx_word' id='word_1_224' title='bbox 520 2896 683 2958; x_wconf 92' lang='lat' dir='ltr'><strong>Diodorus</strong></span> <span class='ocrx_word' id='word_1_225' title='bbox 706 2903 741 2956; x_wconf 91' lang='lat' dir='ltr'><strong>ut</strong></span> <span class='ocrx_word' id='word_1_226' title='bbox 763 2892 876 2957; x_wconf 90' lang='lat' dir='ltr'><strong>Circen</strong></span> <span class='ocrx_word' id='word_1_227' title='bbox 898 2895 929 2957; x_wconf 93' lang='lat' dir='ltr'><strong>in</strong></span> <span class='ocrx_word' id='word_1_228' title='bbox 951 2914 1006 2956; x_wconf 92' lang='lat' dir='ltr'><strong>eas</strong></span> <span class='ocrx_word' id='word_1_229' title='bbox 1028 2895 1176 2975; x_wconf 89' lang='lat' dir='ltr'><strong>regiones</strong></span> <span class='ocrx_word' id='word_1_230' title='bbox 1204 2905 1418 2980; x_wconf 89' lang='lat' dir='ltr'><strong>transportet,</strong></span> <span class='ocrx_word' id='word_1_231' title='bbox 1449 2900 1506 2964; x_wconf 92' lang='lat' dir='ltr'><strong>ubi</strong></span> 
     </span>
     <span class='ocr_line' id='line_1_25' title="bbox 246 2999 1503 3082; baseline 0.002 -16"><span class='ocrx_word' id='word_1_232' title='bbox 246 3003 409 3066; x_wconf 90' lang='lat' dir='ltr'><strong>habitasse</strong></span> <span class='ocrx_word' id='word_1_233' title='bbox 430 3001 530 3082; x_wconf 86' lang='lat' dir='ltr'><strong>vulgo</strong></span> <span class='ocrx_word' id='word_1_234' title='bbox 552 2999 750 3074; x_wconf 88' lang='lat' dir='ltr'><strong>credebatur,</strong></span> <span class='ocrx_word' id='word_1_235' title='bbox 775 3001 890 3080; x_wconf 91' lang='lat' dir='ltr'><strong>repetit</strong></span> <span class='ocrx_word' id='word_1_236' title='bbox 912 3000 1000 3080; x_wconf 91' lang='lat' dir='ltr'><strong>quod</strong></span> <span class='ocrx_word' id='word_1_237' title='bbox 1022 3001 1062 3062; x_wconf 92' lang='lat' dir='ltr'><strong>de</strong></span> <span class='ocrx_word' id='word_1_238' title='bbox 1082 3000 1207 3064; x_wconf 90' lang='lat' dir='ltr'><strong>Hecata</strong></span> <span class='ocrx_word' id='word_1_239' title='bbox 1229 3006 1405 3068; x_wconf 91' lang='lat' dir='ltr'><strong>secundum</strong></span> <span class='ocrx_word' id='word_1_240' title='bbox 1427 3005 1503 3068; x_wconf 94' lang='lat' dir='ltr'><strong>Dio-</strong></span> 
     </span>
     <span class='ocr_line' id='line_1_26' title="bbox 245 3105 657 3188; baseline -0.007 -18"><span class='ocrx_word' id='word_1_241' title='bbox 245 3107 371 3188; x_wconf 92' lang='lat' dir='ltr'><strong>nysium</strong></span> <span class='ocrx_word' id='word_1_242' title='bbox 393 3107 449 3168; x_wconf 89' lang='lat' dir='ltr'><strong>vix</strong></span> <span class='ocrx_word' id='word_1_243' title='bbox 470 3105 657 3187; x_wconf 90' lang='lat' dir='ltr'><strong>protulerat.</strong></span> 
     </span>
    </p>

    <p class='ocr_par' dir='ltr' id='par_1_6' title="bbox 183 3203 1505 3612">
     <span class='ocr_line' id='line_1_27' title="bbox 331 3203 1505 3292; baseline 0.004 -20"><span class='ocrx_word' id='word_1_244' title='bbox 331 3213 446 3274; x_wconf 90' lang='lat' dir='ltr'><strong>Restat</strong></span> <span class='ocrx_word' id='word_1_245' title='bbox 476 3219 574 3292; x_wconf 91' lang='lat' dir='ltr'><strong>caput</strong></span> <span class='ocrx_word' id='word_1_246' title='bbox 600 3226 653 3292; x_wconf 82' lang='lat'><strong>47.</strong></span> <span class='ocrx_word' id='word_1_247' title='bbox 698 3208 791 3290; x_wconf 86' lang='lat' dir='ltr'><strong>Quae</strong></span> <span class='ocrx_word' id='word_1_248' title='bbox 820 3209 908 3272; x_wconf 90' lang='lat' dir='ltr'><strong>initio</strong></span> <span class='ocrx_word' id='word_1_249' title='bbox 939 3203 980 3273; x_wconf 90' lang='lat' dir='ltr'><strong>de</strong></span> <span class='ocrx_word' id='word_1_250' title='bbox 1003 3210 1110 3274; x_wconf 91' lang='lat' dir='ltr'><strong>Phrixi</strong></span> <span class='ocrx_word' id='word_1_251' title='bbox 1140 3213 1171 3275; x_wconf 89' lang='lat' dir='ltr'><strong>in</strong></span> <span class='ocrx_word' id='word_1_252' title='bbox 1195 3212 1336 3277; x_wconf 87' lang='lat' dir='ltr'><strong>Colchos</strong></span> <span class='ocrx_word' id='word_1_253' title='bbox 1366 3215 1505 3278; x_wconf 88' lang='lat' dir='ltr'><strong>mirabili</strong></span> 
     </span>
     <span class='ocr_line' id='line_1_28' title="bbox 245 3313 1505 3401; baseline 0.002 -20"><span class='ocrx_word' id='word_1_254' title='bbox 245 3318 355 3381; x_wconf 89' lang='lat' dir='ltr'><strong>itinere</strong></span> <span class='ocrx_word' id='word_1_255' title='bbox 378 3325 411 3379; x_wconf 92' lang='lat' dir='ltr'><strong>et</strong></span> <span class='ocrx_word' id='word_1_256' title='bbox 432 3316 473 3378; x_wconf 90' lang='lat' dir='ltr'><strong>de</strong></span> <span class='ocrx_word' id='word_1_257' title='bbox 496 3335 593 3378; x_wconf 92' lang='lat' dir='ltr'><strong>aureo</strong></span> <span class='ocrx_word' id='word_1_258' title='bbox 616 3315 717 3380; x_wconf 86' lang='lat' dir='ltr'><strong>ariete</strong></span> <span class='ocrx_word' id='word_1_259' title='bbox 739 3313 906 3377; x_wconf 88' lang='lat' dir='ltr'><strong>immolato</strong></span> <span class='ocrx_word' id='word_1_260' title='bbox 929 3326 1160 3396; x_wconf 84' lang='lat' dir='ltr'><strong>narrantur,et</strong></span> <span class='ocrx_word' id='word_1_261' title='bbox 1175 3339 1194 3382; x_wconf 95' lang='lat' dir='ltr'><strong>a</strong></span> <span class='ocrx_word' id='word_1_262' title='bbox 1208 3319 1347 3401; x_wconf 89' lang='lat' dir='ltr'><strong>Dionysi</strong></span> <span class='ocrx_word' id='word_1_263' title='bbox 1369 3320 1505 3384; x_wconf 90' lang='lat' dir='ltr'><strong>historia</strong></span> 
     </span>
     <span class='ocr_line' id='line_1_29' title="bbox 183 3418 1504 3504; baseline 0.006 -23"><span class='ocrx_word' id='word_1_264' title='bbox 183 3469 185 3475; x_wconf 93' lang='lat'><strong>.</strong></span> <span class='ocrx_word' id='word_1_265' title='bbox 243 3425 276 3503; x_wconf 65' lang='grc' dir='ltr'><strong>(ξ</strong></span> <span class='ocrx_word' id='word_1_266' title='bbox 302 3435 335 3501; x_wconf 88' lang='grc'><strong>5,</strong></span> <span class='ocrx_word' id='word_1_267' title='bbox 359 3421 396 3496; x_wconf 90' lang='grc'><strong>6,</strong></span> <span class='ocrx_word' id='word_1_268' title='bbox 427 3420 467 3484; x_wconf 83' lang='lat' dir='ltr'><strong>cf.</strong></span> <span class='ocrx_word' id='word_1_269' title='bbox 494 3420 594 3483; x_wconf 91' lang='lat' dir='ltr'><strong>schol.</strong></span> <span class='ocrx_word' id='word_1_270' title='bbox 617 3420 772 3502; x_wconf 92' lang='lat' dir='ltr'><strong>Apollon.</strong></span> <span class='ocrx_word' id='word_1_271' title='bbox 795 3418 858 3486; x_wconf 93' lang='lat' dir='ltr'><strong>Rh.</strong></span> <span class='ocrx_word' id='word_1_272' title='bbox 880 3420 904 3484; x_wconf 94' lang='grc' dir='ltr'><strong>Ι.</strong></span> <span class='ocrx_word' id='word_1_273' title='bbox 928 3422 991 3502; x_wconf 92' lang='grc'>256</span> <span class='ocrx_word' id='word_1_274' title='bbox 1015 3424 1078 3503; x_wconf 89' lang='lat' dir='ltr'><strong>etc)</strong></span> <span class='ocrx_word' id='word_1_275' title='bbox 1107 3444 1238 3504; x_wconf 87' lang='lat' dir='ltr'><strong>prorsus</strong></span> <span class='ocrx_word' id='word_1_276' title='bbox 1264 3425 1437 3488; x_wconf 89' lang='lat' dir='ltr'><strong>abhorrent</strong></span> <span class='ocrx_word' id='word_1_277' title='bbox 1467 3435 1504 3489; x_wconf 88' lang='lat' dir='ltr'><strong>et</strong></span> 
     </span>
     <span class='ocr_line' id='line_1_30' title="bbox 242 3524 1502 3612; baseline 0.006 -24"><span class='ocrx_word' id='word_1_278' title='bbox 242 3525 421 3588; x_wconf 83' lang='lat' dir='ltr'><strong>referuntur</strong></span> <span class='ocrx_word' id='word_1_279' title='bbox 443 3526 540 3588; x_wconf 89' lang='lat' dir='ltr'><strong>etiam</strong></span> <span class='ocrx_word' id='word_1_280' title='bbox 563 3526 604 3588; x_wconf 95' lang='lat' dir='ltr'><strong>ab</strong></span> <span class='ocrx_word' id='word_1_281' title='bbox 626 3524 833 3607; x_wconf 87' lang='lat' dir='ltr'><strong>Apollodoro</strong></span> <span class='ocrx_word' id='word_1_282' title='bbox 855 3526 898 3606; x_wconf 89' lang='lat' dir='ltr'><strong>(p.</strong></span> <span class='ocrx_word' id='word_1_283' title='bbox 917 3543 966 3602; x_wconf 90' lang='lat'><strong>21,</strong></span> <span class='ocrx_word' id='word_1_284' title='bbox 991 3527 1010 3594; x_wconf 88' lang='lat' dir='ltr'><strong>l.</strong></span> <span class='ocrx_word' id='word_1_285' title='bbox 1030 3544 1108 3606; x_wconf 87' lang='lat'><strong>3-2</strong></span> <span class='ocrx_word' id='word_1_286' title='bbox 1114 3532 1144 3610; x_wconf 86' lang='lat'><strong>5)</strong></span> <span class='ocrx_word' id='word_1_287' title='bbox 1167 3529 1265 3593; x_wconf 81' lang='lat' dir='ltr'><strong>fusius</strong></span> <span class='ocrx_word' id='word_1_288' title='bbox 1287 3532 1417 3612; x_wconf 93' lang='lat' dir='ltr'><strong>quidem</strong></span> <span class='ocrx_word' id='word_1_289' title='bbox 1440 3533 1502 3596; x_wconf 92' lang='lat' dir='ltr'><strong>sed</strong></span> 
     </span>
    </p>
   </div>
   <div class='ocr_carea' id='block_1_5' title="bbox 238 3773 1500 4442">
    <p class='ocr_par' dir='ltr' id='par_1_7' title="bbox 241 3773 1500 3915">
     <span class='ocr_line' id='line_1_31' title="bbox 326 3773 1500 3850; baseline 0.009 -26"><span class='ocrx_word' id='word_1_290' title='bbox 326 3773 362 3841; x_wconf 72' lang='lat'><strong>²⁵)</strong></span> <span class='ocrx_word' id='word_1_291' title='bbox 389 3777 475 3825; x_wconf 89' lang='lat' dir='ltr'><strong>Moses</strong></span> <span class='ocrx_word' id='word_1_292' title='bbox 507 3774 685 3824; x_wconf 87' lang='lat' dir='ltr'><strong>Chorenensis:</strong></span> <span class='ocrx_word' id='word_1_293' title='bbox 717 3777 908 3841; x_wconf 77' lang='lat' dir='ltr'><strong>»masculaeque</strong></span> <span class='ocrx_word' id='word_1_294' title='bbox 934 3778 1012 3843; x_wconf 88' lang='lat' dir='ltr'><strong>prolis</strong></span> <span class='ocrx_word' id='word_1_295' title='bbox 1037 3779 1168 3840; x_wconf 77' lang='lat' dir='ltr'><strong>defectu«,</strong></span> <span class='ocrx_word' id='word_1_296' title='bbox 1197 3781 1245 3846; x_wconf 85' lang='lat' dir='ltr'><strong>frg.</strong></span> <span class='ocrx_word' id='word_1_297' title='bbox 1279 3784 1364 3849; x_wconf 90' lang='lat' dir='ltr'><strong>Eurip.</strong></span> <span class='ocrx_word' id='word_1_298' title='bbox 1392 3802 1418 3850; x_wconf 91' lang='lat' dir='ltr'><strong>p.</strong></span> <span class='ocrx_word' id='word_1_299' title='bbox 1448 3785 1500 3850; x_wconf 71' lang='lat'><strong>163</strong></span> 
     </span>
     <span class='ocr_line' id='line_1_32' title="bbox 241 3864 341 3915; baseline -0.01 -1"><span class='ocrx_word' id='word_1_300' title='bbox 241 3864 341 3915; x_wconf 87' lang='lat' dir='ltr'><strong>Nauck.</strong></span> 
     </span>
    </p>

    <p class='ocr_par' dir='ltr' id='par_1_8' title="bbox 238 3942 1498 4442">
     <span class='ocr_line' id='line_1_33' title="bbox 326 3942 1498 4027; baseline 0.012 -27"><span class='ocrx_word' id='word_1_301' title='bbox 326 3942 363 4016; x_wconf 74' lang='lat'><strong>²⁶)</strong></span> <span class='ocrx_word' id='word_1_302' title='bbox 390 3951 535 4001; x_wconf 88' lang='lat' dir='ltr'><strong>Secundum</strong></span> <span class='ocrx_word' id='word_1_303' title='bbox 553 3950 742 4014; x_wconf 86' lang='lat' dir='ltr'><strong>Apollodorum</strong></span> <span class='ocrx_word' id='word_1_304' title='bbox 759 3953 867 4001; x_wconf 83' lang='lat' dir='ltr'><strong>Acastus</strong></span> <span class='ocrx_word' id='word_1_305' title='bbox 885 3954 1001 4002; x_wconf 87' lang='lat' dir='ltr'><strong>Iasonem</strong></span> <span class='ocrx_word' id='word_1_306' title='bbox 1018 3962 1043 4003; x_wconf 87' lang='lat' dir='ltr'><strong>et</strong></span> <span class='ocrx_word' id='word_1_307' title='bbox 1061 3956 1178 4006; x_wconf 86' lang='lat' dir='ltr'><strong>Medeam</strong></span> <span class='ocrx_word' id='word_1_308' title='bbox 1197 3960 1254 4010; x_wconf 89' lang='lat' dir='ltr'><strong>eicit</strong></span> <span class='ocrx_word' id='word_1_309' title='bbox 1272 3958 1310 4026; x_wconf 89' lang='lat' dir='ltr'><strong>(p.</strong></span> <span class='ocrx_word' id='word_1_310' title='bbox 1330 3962 1378 4026; x_wconf 86' lang='lat'><strong>36,</strong></span> <span class='ocrx_word' id='word_1_311' title='bbox 1404 3962 1422 4012; x_wconf 91' lang='lat'><strong>1.</strong></span> <span class='ocrx_word' id='word_1_312' title='bbox 1447 3963 1498 4027; x_wconf 84' lang='lat'><strong>14).</strong></span> 
     </span>
     <span class='ocr_line' id='line_1_34' title="bbox 239 4039 1495 4106; baseline 0.009 -17"><span class='ocrx_word' id='word_1_313' title='bbox 239 4041 356 4090; x_wconf 83' lang='lat' dir='ltr'><strong>Eandem</strong></span> <span class='ocrx_word' id='word_1_314' title='bbox 380 4040 481 4090; x_wconf 83' lang='lat' dir='ltr'><strong>fabulae</strong></span> <span class='ocrx_word' id='word_1_315' title='bbox 504 4040 611 4090; x_wconf 83' lang='lat' dir='ltr'><strong>formam</strong></span> <span class='ocrx_word' id='word_1_316' title='bbox 629 4039 756 4104; x_wconf 88' lang='lat' dir='ltr'><strong>Euripidis</strong></span> <span class='ocrx_word' id='word_1_317' title='bbox 773 4040 879 4090; x_wconf 85' lang='lat' dir='ltr'><strong>Medeae</strong></span> <span class='ocrx_word' id='word_1_318' title='bbox 898 4057 983 4090; x_wconf 89' lang='lat' dir='ltr'><strong>versus</strong></span> <span class='ocrx_word' id='word_1_319' title='bbox 1000 4055 1016 4104; x_wconf 88' lang='lat'>9</span> <span class='ocrx_word' id='word_1_320' title='bbox 1035 4058 1072 4106; x_wconf 92' lang='lat' dir='ltr'><strong>sq.</strong></span> <span class='ocrx_word' id='word_1_321' title='bbox 1090 4043 1200 4096; x_wconf 89' lang='lat' dir='ltr'><strong>indicare</strong></span> <span class='ocrx_word' id='word_1_322' title='bbox 1218 4048 1343 4102; x_wconf 87' lang='lat' dir='ltr'><strong>videntur.</strong></span> <span class='ocrx_word' id='word_1_323' title='bbox 1379 4050 1495 4100; x_wconf 90' lang='lat' dir='ltr'><strong>Ceterum</strong></span> 
     </span>
     <span class='ocr_line' id='line_1_35' title="bbox 240 4127 1498 4201; baseline 0.011 -25"><span class='ocrx_word' id='word_1_324' title='bbox 240 4129 302 4176; x_wconf 91' lang='lat' dir='ltr'><strong>miro</strong></span> <span class='ocrx_word' id='word_1_325' title='bbox 321 4144 381 4177; x_wconf 87' lang='lat' dir='ltr'><strong>sane</strong></span> <span class='ocrx_word' id='word_1_326' title='bbox 400 4143 458 4178; x_wconf 90' lang='lat' dir='ltr'><strong>casu</strong></span> <span class='ocrx_word' id='word_1_327' title='bbox 477 4127 571 4177; x_wconf 87' lang='lat' dir='ltr'><strong>sactum</strong></span> <span class='ocrx_word' id='word_1_328' title='bbox 589 4134 635 4186; x_wconf 92' lang='lat' dir='ltr'><strong>est,</strong></span> <span class='ocrx_word' id='word_1_329' title='bbox 655 4134 682 4176; x_wconf 90' lang='lat' dir='ltr'><strong>ut</strong></span> <span class='ocrx_word' id='word_1_330' title='bbox 700 4129 726 4178; x_wconf 92' lang='lat' dir='ltr'><strong>in</strong></span> <span class='ocrx_word' id='word_1_331' title='bbox 741 4128 837 4193; x_wconf 87' lang='lat' dir='ltr'><strong>Hygini</strong></span> <span class='ocrx_word' id='word_1_332' title='bbox 850 4128 937 4178; x_wconf 85' lang='lat' dir='ltr'><strong>fabula</strong></span> <span class='ocrx_word' id='word_1_333' title='bbox 954 4143 995 4197; x_wconf 86' lang='lat'><strong>24,</strong></span> <span class='ocrx_word' id='word_1_334' title='bbox 1014 4147 1078 4195; x_wconf 88' lang='lat' dir='ltr'><strong>quae</strong></span> <span class='ocrx_word' id='word_1_335' title='bbox 1095 4149 1147 4181; x_wconf 91' lang='lat' dir='ltr'><strong>non</strong></span> <span class='ocrx_word' id='word_1_336' title='bbox 1166 4151 1246 4199; x_wconf 87' lang='lat' dir='ltr'><strong>pauca</strong></span> <span class='ocrx_word' id='word_1_337' title='bbox 1264 4137 1371 4201; x_wconf 91' lang='lat' dir='ltr'><strong>Dionysi</strong></span> <span class='ocrx_word' id='word_1_338' title='bbox 1389 4139 1498 4190; x_wconf 86' lang='lat' dir='ltr'><strong>frustula</strong></span> 
     </span>
     <span class='ocr_line' id='line_1_36' title="bbox 240 4216 1497 4294; baseline 0.011 -28"><span class='ocrx_word' id='word_1_339' title='bbox 240 4232 296 4266; x_wconf 90' lang='lat' dir='ltr'><strong>cum</strong></span> <span class='ocrx_word' id='word_1_340' title='bbox 311 4217 364 4266; x_wconf 87' lang='lat' dir='ltr'><strong>aliis</strong></span> <span class='ocrx_word' id='word_1_341' title='bbox 382 4216 533 4274; x_wconf 85' lang='lat' dir='ltr'><strong>commiscet,</strong></span> <span class='ocrx_word' id='word_1_342' title='bbox 555 4216 618 4266; x_wconf 87' lang='lat' dir='ltr'><strong>sicut</strong></span> <span class='ocrx_word' id='word_1_343' title='bbox 638 4216 705 4281; x_wconf 89' lang='lat' dir='ltr'><strong>apud</strong></span> <span class='ocrx_word' id='word_1_344' title='bbox 725 4216 869 4266; x_wconf 90' lang='lat' dir='ltr'><strong>Diodorum</strong></span> <span class='ocrx_word' id='word_1_345' title='bbox 886 4217 998 4282; x_wconf 88' lang='lat' dir='ltr'><strong>legatur:</strong></span> <span class='ocrx_word' id='word_1_346' title='bbox 1016 4257 1023 4270; x_wconf 93' lang='lat'><strong>.</strong></span> <span class='ocrx_word' id='word_1_347' title='bbox 1038 4257 1066 4270; x_wconf 87' lang='lat'><strong>..</strong></span> <span class='ocrx_word' id='word_1_348' title='bbox 1086 4222 1177 4271; x_wconf 76' lang='lat' dir='ltr'><strong>»Iason</strong></span> <span class='ocrx_word' id='word_1_349' title='bbox 1259 4227 1329 4290; x_wconf 87' lang='lat' dir='ltr'><strong>regia</strong></span> <span class='ocrx_word' id='word_1_350' title='bbox 1341 4236 1378 4277; x_wconf 90' lang='lat' dir='ltr'><strong>est</strong></span> <span class='ocrx_word' id='word_1_351' title='bbox 1397 4230 1497 4294; x_wconf 85' lang='lat' dir='ltr'><strong>potitus</strong></span> 
     </span>
     <span class='ocr_line' id='line_1_37' title="bbox 238 4303 1494 4382; baseline 0.013 -30"><span class='ocrx_word' id='word_1_352' title='bbox 238 4305 383 4370; x_wconf 87' lang='lat' dir='ltr'><strong>Acastoque</strong></span> <span class='ocrx_word' id='word_1_353' title='bbox 396 4303 480 4354; x_wconf 90' lang='lat' dir='ltr'><strong>Peliae</strong></span> <span class='ocrx_word' id='word_1_354' title='bbox 498 4303 550 4355; x_wconf 89' lang='lat' dir='ltr'><strong>filio</strong></span> <span class='ocrx_word' id='word_1_355' title='bbox 569 4305 638 4354; x_wconf 86' lang='lat' dir='ltr'><strong>fratri</strong></span> <span class='ocrx_word' id='word_1_356' title='bbox 652 4304 792 4368; x_wconf 86' lang='lat' dir='ltr'><strong>Peliadum,</strong></span> <span class='ocrx_word' id='word_1_357' title='bbox 813 4307 883 4371; x_wconf 91' lang='lat' dir='ltr'><strong>quod</strong></span> <span class='ocrx_word' id='word_1_358' title='bbox 900 4322 985 4357; x_wconf 92' lang='lat' dir='ltr'><strong>secum</strong></span> <span class='ocrx_word' id='word_1_359' title='bbox 1001 4308 1110 4358; x_wconf 92' lang='lat' dir='ltr'><strong>Colchos</strong></span> <span class='ocrx_word' id='word_1_360' title='bbox 1128 4311 1214 4370; x_wconf 86' lang='lat' dir='ltr'><strong>iverat,</strong></span> <span class='ocrx_word' id='word_1_361' title='bbox 1237 4328 1341 4377; x_wconf 89' lang='lat' dir='ltr'><strong>regnum</strong></span> <span class='ocrx_word' id='word_1_362' title='bbox 1360 4325 1494 4382; x_wconf 85' lang='lat' dir='ltr'><strong>paternum</strong></span> 
     </span>
     <span class='ocr_line' id='line_1_38' title="bbox 238 4393 364 4442; baseline -0.008 -1"><span class='ocrx_word' id='word_1_363' title='bbox 238 4393 364 4442; x_wconf 78' lang='lat' dir='ltr'><strong>tradidit«</strong></span> 
     </span>
    </p>
   </div>
   <div class='ocr_carea' id='block_1_6' title="bbox 0 0 1744 5030">
    <p class='ocr_par' dir='ltr' id='par_1_9' title="bbox 0 0 1744 5030">
     <span class='ocr_line' id='line_1_39' title="bbox 0 0 1744 5030; baseline 0 9"><span class='ocrx_word' id='word_1_364' title='bbox 0 0 1744 5030; x_wconf 95' lang='lat' dir='ltr'><strong> </strong></span> 
     </span>
    </p>
   </div>
  </div>
 </body>
</html>
