3480 5030
745 395 953 454 ‚14-

196 547 345 609 'munito
380 545 505 626 templo
541 547 692 609 custodiri
729 546 824 614 iubet.
882 549 950 610 lam
988 546 1078 609 facile
1116 549 1336 630 cognoscitur,
1377 549 1473 630 etiam

221 661 320 733 caput
342 653 383 728 48
406 671 449 712 ex
465 649 740 731 Scytobrachione
763 673 833 714 esse
855 653 1042 728 derivatum,
1065 663 1177 735 utpote
1200 655 1287 736 quod
1310 661 1378 715 arte
1400 673 1473 714 cum

222 757 335 839 capitis
356 757 400 833 46
429 758 449 835 ξ
475 770 489 834 5
521 756 692 819 cohaereat
720 765 752 819 et
782 758 932 819 custodes
961 760 1080 820 aureati
1109 759 1201 840 pellis*
1229 767 1472 822 commemoret.

222 863 258 924 In
281 863 343 924 hoc
366 861 463 922 etiam
487 860 650 922 oraculum
664 860 790 922 Aeetae
813 862 925 924 datum
948 861 1032 942 pelle
1053 872 1145 942 rapta
1159 863 1303 924 evenisse
1320 870 1472 931 narratur,

222 988 297 1030 cum
319 966 441 1028 Aeetes
472 965 503 1026 in
533 986 641 1046 pugna
663 974 775 1026 contra
797 967 1006 1046 Argonautas
1029 967 1215 1040 commissa,
1248 988 1312 1048 qua
1334 965 1474 1026 Colchos

223 1074 325 1135 victos
354 1090 425 1132 esse
455 1066 689 1148 Scytobrachio
717 1069 872 1149 Apolloni
902 1071 1073 1132 scholiasta
1103 1070 1172 1149 (IV.
1196 1085 1271 1149 223,
1297 1071 1368 1151 228)
1392 1072 1482 1131 teste‘
1555 1101 1556 1106 κ

222 1177 313 1251 dixit,
337 1173 574 1236 interficeretur.
611 1173 706 1237 Certa
720 1161 857 1255 Dionysi
872 1175 1007 1255 vestigia
1022 1174 1178 1256 praebent
1188 1176 1289 1236 etiam
1306 1174 1418 1255 capitis
1437 1189 1476 1252 50

223 1282 280 1362 §6
300 1290 332 1342 et
352 1278 464 1360 capitis
484 1293 523 1356 54
541 1280 561 1357 ξ
580 1293 606 1356 5.
652 1279 713 1341 Hic
736 1280 820 1341 enim
840 1278 931 1341 Circe
951 1279 1087 1342 Medeae
1108 1300 1208 1354 soror,
1230 1279 1292 1342 illic
1309 1287 1475 1360 praeterea

226 1387 350 1449 Hecata
372 1385 439 1445 eius
462 1393 564 1444 mater
586 1383 775 1463 appellatur,
799 1384 880 1446 sicut
896 1384 1133 1465 Scytobrachio
1155 1384 1293 1446 finxerat
1317 1385 1356 1466 (v.
1373 1381 1474 1444 schol.

225 1491 381 1572 Apollon.
397 1487 458 1550 Rh.
475 1486 528 1548 ΙΙΙ.
545 1487 789 1550 200=Diodor
804 1510 830 1550 c.
846 1503 885 1568 45
905 1492 947 1569 ἕξ
964 1491 1064 1569 1-3).
1092 1488 1202 1570 Atque
1218 1491 1323 1570 capita
1340 1501 1473 1566 50—52,

227 1597 279 1659 ubi
302 1594 370 1656 fuse
393 1601 425 1654 et
448 1601 559 1654 ornate
580 1591 768 1673 explicatur,
791 1594 957 1672 quomodo
972 1593 1084 1670 Pelias,
1108 1596 1162 1675 qui
1184 1596 1305 1657 Iasonis
1328 1602 1476 1675 parentes

224 1711 256 1764 et
275 1700 404 1762 fratrem
419 1697 588 1770 necaverit,
613 1697 748 1758 Medeae
771 1698 848 1760 dolo
873 1719 891 1760 a
914 1699 978 1760 suis
1001 1699 1099 1780 ipsius
1121 1699 1245 1762 filiabus
1268 1701 1477 1781 interemptus

225 1808 281 1880 sit,
306 1805 427 1886 optime
450 1804 531 1865 inter
552 1822 587 1864 se
610 1803 798 1876 cohaerent,
823 1813 854 1866 et
876 1805 989 1885 capitis
1013 1819 1052 1882 54
1075 1807 1117 1883 ἐξ
1144 1820 1221 1884 1-5
1247 1814 1279 1868 et
1299 1821 1334 1887 7,
1359 1804 1477 1885 quippe

224 1931 309 1991 quae
336 1918 480 1984 narrent,
509 1929 565 1970 cur
594 1909 710 1971 Medea
736 1906 891 1971 Corintho
922 1908 1052 1971 Thebas
1081 1909 1213 1991 sugerit,
1248 1909 1431 1990 flagitantur
1460 1929 1478 1970 a

225 2020 245 2096 ξ
262 2033 280 2096 7
304 2015 376 2089 fine,
401 2033 498 2093 quem
521 2034 563 2075 ex
578 2013 737 2093 Dionysio
757 2035 908 2076 manasse·
926 2033 1022 2094 supra
1041 2015 1347 2091 demonstravimus;
1371 2016 1478 2094 itaque

224 2123 323 2184 etiam
346 2119 426 2181 haec
450 2120 492 2181 ad
514 2116 823 2198 Scytobrachionem
847 2119 1022 2182 referantur
1044 2140 1174 2182 necesse
1196 2130 1254 2185 est.

310 2247 396 2308 Num
419 2246 459 2306 de
481 2243 619 2307 Phinidis
642 2246 857 2309 narrationem
880 2247 943 2328 (43,
960 2247 1012 2327 44)
1029 2246 1191 2311 Diodorus
1211 2245 1478 2327 Scytobrachioni

224 2352 357 2428 debeat,
388 2351 546 2414 dubitabit
575 2351 725 2426 fortasse,
758 2352 811 2432 qui
838 2352 995 2414 scholium
1026 2352 1067 2415 ad
1089 2352 1244 2435 Apollon.
1268 2351 1330 2415 Rh.
1354 2352 1393 2414 ll.
1418 2366 1478 2432 207

227 2478 257 2537 p.
279 2473 357 2534 400,
389 2456 408 2518 l.
437 2457 557 2536 19-28
587 2477 629 2518 ex
657 2456 816 2538 Dionysio
845 2457 975 2520 fluxisse
997 2459 1056 2521 sibi
1085 2461 1287 2539 persuaserit.
1332 2458 1397 2521 Sed
1426 2457 1478 2538 qui

227 2563 404 2624 accuratius
427 2561 583 2623 scholium
607 2562 794 2644 perlegerit,
810 2552 1019 2644 ‘cognoscet
1043 2563 1183 2627 fabulam
1207 2587 1271 2628 non
1294 2564 1393 2627 semel
1423 2564 1479 2625 sed

224 2668 273 2730 bis
297 2668 439 2729 narrari:·
464 2667 570 2730 Primo
599 2669 683 2730 enim
714 2669 786 2731 loco
814 2669 963 2744 refertur,
994 2669 1148 2732 Phineum
1178 2671 1381 2735 interfectum
1409 2690 1479 2732 esse

226 2775 267 2836 ab
291 2773 446 2846 Hercule,
481 2774 534 2854 qui
564 2774 605 2836 ab
633 2775 701 2837 eius
730 2773 800 2837 filiis
830 2775 1017 2851 audivisset,
1051 2785 1177 2856 patrem
1207 2796 1263 2838 eos
1293 2797 1312 2838 a
1342 2795 1480 2837 noverca
1571 2791 1573 2794 ⁴

227 2878 380 2959 Scythica
410 2879 619 2942 calumniatos
642 2879 780 2942 eiecisse.
825 2880 909 2942 Turn
932 2881 1003 2942 inde
1026 2902 1045 2943 a
1068 2881 1188 2943 verbis:
1224 2863 1348 2964 »γεγόνει
1373 2879 1406 2942 δὲ
1428 2889 1481 2941 τοῦ

232 2982 365 3056 warine«
385 2984 416 3064 (l.
438 3001 476 3064 23
497 2985 580 3066 sqq.)
604 2985 694 3048 aliter
716 2987 829 3048 eadem
852 2986 1032 3049 traduntur:
1057 3007 1168 3050 senem
1183 2990 1357 3067 quemdam
1373 2987 1480 3050 Phinei

230 3090 317 3171 apud
358 3090 530 3152 Herculem
571 3092 732 3154 exstitisse
773 3102 992 3155 accusatorem
1037 3104 1134 3175 atque
1176 3095 1308 3157 heroem
1347 3096 1480 3157 domum

229 3196 376 3258 Phinidas
399 3196 578 3270 reduxisse,
609 3208 783 3278 postquam
807 3218 863 3260 eos
886 3198 1071 3260 innocentes
1094 3220 1164 3262 esse
1187 3203 1375 3280 quaestione
1398 3200 1482 3263 lacta

228 3301 448 3382 cognovisset;
470 3311 538 3363 turn
554 3323 631 3364 vero
648 3303 811 3377 Phineum,
835 3324 909 3366 cum
925 3304 1060 3367 alterum
1077 3304 1177 3368 filiurn
1201 3307 1231 3367 in
1252 3327 1341 3369 mare
1356 3307 1482 3368 abicere

228 3407 389 3481 voluisset,
412 3406 453 3469 ab
477 3427 516 3468 eo
539 3427 609 3470 esse
632 3407 842 3472 interfectum.
886 3409 937 3471 Ne
956 3419 1065 3472 autem
1089 3411 1159 3492 quis
1181 3409 1342 3482 obvertat,
1367 3412 1480 3472 eadem

228 3514 366 3594 primum
389 3512 524 3588 brevius
548 3523 617 3575 tum
640 3514 733 3576 latius
757 3515 925 3596 explicari:
951 3535 1025 3577 nam
1044 3516 1075 3578 in
1090 3516 1150 3577 hac
1167 3515 1347 3578 narratione
1363 3518 1492 3587 asene,

229 3624 259 3679 in
285 3617 337 3679 illa
366 3618 407 3681 ab
437 3619 512 3699 ipsis
534 3618 672 3681 Phinidis
691 3619 847 3682 Hercules
866 3621 974 3684 Phinei
1002 3622 1123 3684 scelera
1154 3621 1320 3704 comperit.
1369 3621 1481 3701 Itaque

228 3725 259 3785 in
283 3723 406 3785 scholio
429 3724 483 3786 illo
506 3725 585 3802 duas
616 3724 741 3787 sabulae
769 3724 889 3789 formas
917 3738 1059 3790 servatas
1088 3747 1158 3790 esse
1188 3727 1393 3790 statuendum
1423 3735 1481 3800 est,

229 3849 364 3909 quarum
391 3830 549 3892 secundae
573 3830 602 3912 (l.
628 3847 667 3910 23
692 3833 777 3913 sqq.)
800 3841 912 3895 auctor
934 3855 953 3896 a
975 3835 1078 3898 scriba
1100 3854 1159 3914 per
1181 3853 1322 3895 errorem
1346 3834 1482 3896 omissus

230 3945 287 3998 est.
344 3937 467 3999 Primae
499 3944 606 3996 autem
641 3937 811 3999 narrationi
844 3937 980 4020 Dionysi
1011 3959 1128 4002 nomen
1157 3943 1391 4023 praescriptum
1424 3952 1482 4016 est,

231 4060 334 4121 neque
358 4043 526 4122 quisquam
550 4051 655 4119 neget,
683 4045 818 4105 eandem
841 4065 859 4105 a
882 4044 1028 4107 Diodoro
1051 4047 1245 4128 descriptam
1268 4048 1398 4132 esse15).

316 4351 351 4419 ¹⁶)
383 4357 441 4405 Hoc
459 4357 520 4406 mihi
538 4357 647 4422 benigne
666 4358 846 4410 demonstravit
867 4363 915 4414 Ud.
935 4364 966 4413 de
985 4363 1154 4413 Wilamowitz
1173 4372 1321 4429 praeceptor
1339 4382 1416 4417 meus.
