3480 5030
621 457 658 474 “’
770 445 975 519 -'12—

243 626 310 690 Sed
332 627 425 708 plura
447 628 510 692 hoc
527 627 713 692 testimonio
728 628 776 694 usi
791 626 948 707 Dionysio
964 626 1137 690 attribuere
1153 647 1335 708 possumus.
1377 627 1500 710 Capitis

242 732 328 793 enim
353 747 390 812 53
422 736 442 812 ξ
462 750 484 810 4
506 753 595 814 sqq.,
626 733 679 795 ubi
701 733 964 814 Argonautarum
988 731 1193 813 expeditione
1217 753 1317 812 usque
1340 734 1381 795 ad
1403 733 1499 795 finem

242 846 389 899 enarrata
417 839 565 914 traditur,
596 837 770 900 Herculem
793 838 988 918 persuasisse
1009 836 1225 917 Argonautis,
1255 848 1290 902 ut
1312 839 1499 905 societatem

243 941 366 1017 inirent,
389 951 422 1004 et
444 943 476 1003 in
498 944 712 1024 expeditionis
734 943 924 1004 memoriam
947 941 1041 1003 ludos
1063 940 1238 1022 Olympios
1259 945 1497 1015 constituerent,

242 1046 413 1126 Hercules
431 1068 542 1120 eorum
572 1049 721 1129 princeps
754 1056 819 1120 est,
860 1045 904 1110 ita
938 1054 972 1108 ut
1005 1045 1102 1108 etiam
1136 1047 1166 1108 in
1196 1047 1288 1109 huius
1318 1048 1380 1110 loci
1410 1048 1498 1111 fonte

243 1151 418 1215 Herculem
454 1153 718 1234 Argonautarum
758 1153 874 1214 ducem
910 1150 1006 1213 fuisse
1044 1152 1251 1232 suspicemur.
1312 1151 1411 1232 Quod
1447 1155 1498 1216 ad·

242 1257 375 1320 modum
398 1258 552 1338 probatur
574 1257 679 1320 verbis
701 1257 758 1336 §6
780 1256 845 1318 his:
879 1256 946 1316 »διὰ
967 1254 1000 1316 dd
1021 1257 1076 1334 τὴν
1097 1257 1180 1338 παρὰ
1202 1264 1264 1329 τοῖς
1287 1249 1499 1340 Ἀργοναύταις
1552 1279 1554 1284 ’

195 1401 198 1408 -
240 1361 399 1448 γενομένην
428 1363 579 1442 ἀποδοχὴν
600 1364 694 1423 αὐτοῦ
715 1363 793 1422 κατὰ
815 1361 870 1440 τὴν
891 1360 1052 1442 στρατείαν
1074 1363 1109 1421 οὐ
1129 1362 1258 1443 μετρίως
1278 1361 1493 1435 δοξασθέντοςι

239 1471 306 1530 κτλ.
351 1468 464 1550 Itaque
487 1476 638 1549 apparet,
670 1467 752 1530 hanc
776 1466 935 1544 fabulam,
959 1486 1042 1547 quae
1066 1465 1154 1527 nullo
1175 1467 1239 1528 alio
1262 1466 1335 1529 lo'co
1357 1488 1495 1530 comme-

243 1581 395 1661 moratur,
427 1573 468 1655 (.
497 1585 533 1652 53
569 1576 589 1652 ξγ
618 1573 713 1654 4-7)
745 1572 787 1634 ad
818 1570 1013 1652 Dionysium
1046 1570 1212 1651 pertinere.
1258 1571 1372 1652 Neque
1406 1572 1497 1634 aliter

240 1678 368 1742 iudicari
400 1686 510 1759 potest
539 1679 579 1740 de
608 1697 635 1739 c.
661 1690 700 1756 54
729 1677 793 1756 §6
821 1675 900 1751 fine,
935 1676 988 1737 ubi
1021 1675 1170 1750 refertur,
1206 1677 1357 1740 Medeam
1390 1676 1495 1739 liberis

240 1783 411 1847 intersectis
453 1781 609 1845 Corintho
646 1781 778 1843 Thebas
818 1780 936 1862 fugisse
977 1781 1019 1842 ad
1051 1781 1242 1844 Herculem:
1285 1791 1408 1842 »τοῦτον
1437 1783 1495 1864 γὰρ

236 1888 363 1969 μεσίτην
383 1887 524 1971 γεγονότα
547 1897 608 1949 τῶν
630 1887 793 1968 ὁμολογιῶν
815 1885 845 1946 ἓν
867 1885 1000 1965 Κόλχοις
1022 1885 1204 1966 ἐπηγγέλθαι
1226 1887 1394 1967 βοηθήσειν
1416 1891 1495 1972 αὐτῇ·

238 1991 552 2077 ααρασηονιλουμίνη.ι
599 1993 683 2054 Nam
714 2012 732 2054 e
760 2012 865 2054 rerum
895 2001 1006 2053 natura
1035 2000 1097 2066 est,
1131 1992 1345 2073 expeditionis
1376 1994 1493 2055 ducem

237 2108 354 2162 testem
387 2119 457 2161 esse
490 2107 523 2160 et
558 2098 725 2160 custodem
759 2097 936 2171 societatiS,
978 2116 1075 2176 quarn
1114 2095 1233 2158 sodalis
1274 2096 1388 2177 aliquis
1428 2099 1491 2160 init.

239 2205 366 2266 Revera
388 2214 497 2266 autem
519 2203 606 2284 apud
625 2201 819 2283 Dionysium
843 2201 1017 2264 Herculem
1045 2202 1075 2263 in
1099 2198 1229 2264 Colchis
1251 2200 1346 2264 fuisse
1368 2203 1493 2283 μεσίτην

238 2317 298 2368 τῶν
318 2309 496 2391 ὁμολογιῶν,
525 2317 605 2388 quas
629 2308 744 2371 Medea
767 2328 840 2372 cum
861 2308 975 2370 Iasone
998 2314 1094 2387 pacta
1116 2315 1181 2382 est,
1196 2306 1345 2378 ,indicare
1368 2308 1492 2371 videtur

237 2408 393 2494 Apolloni
409 2414 582 2477 scholiasta
604 2415 645 2477 ad
660 2415 683 2477 I.
712 2416 800 2494 1289,
824 2413 878 2494 qui
893 2413 984 2475 dicit:
1013 2413 1188 2488 Ι»Διονύσιος
1202 2413 1235 2476 de*
1250 2415 1266 2476 ὁ
1283 2417 1492 2496 Μυτιληναῖος

238 2519 251 2584 .’
282 2568 289 2584 .
326 2569 333 2584 .
368 2519 441 2602 φησί
476 2565 482 2580 .
515 2568 522 2584 .
552 2570 559 2584 .
592 2521 645 2581 τὸν
684 2520 768 2604 ἥρωα
808 2520 860 2602 (se.
902 2519 1088 2600 Herculem)
1120 2570 1126 2582 .
1159 2566 1165 2579 .
1195 2566 1201 2580 .
1227 2519 1284 2603 [ἐν]
1324 2529 1387 2594 τοῖς
1416 2522 1490 2603 ’περὶ

239 2624 380 2704 Μήδειαν
397 2623 641 2709 σομπεαραχίναι
664 2623 864 2710 spildom«
913 2625 968 2686 Ad
991 2626 1129 2688 eundem
1152 2636 1318 2689 auctorem
1341 2627 1488 2695 nimirum

205 2753 208 2780 τ
234 2739 361 2810 spectat
390 2752 416 2793 c.
443 2745 479 2810 55
512 2734 583 2811 §4
630 2730 727 2811 Quod
759 2741 868 2794 autern
896 2752 922 2793 c.
951 2731 993 2807 46
1023 2733 1042 2810 ξ
1073 2754 1092 2805 4
1122 2751 1187 2792 non
1217 2730 1336 2793 diserte
1366 2731 1488 2803 dicitur,

235 2835 408 2899 Herculem
439 2845 554 2899 testem
587 2836 681 2899 luisse
710 2836 872 2898 societatis
902 2855 920 2896 a
950 2835 1067 2897 Medea
1096 2843 1129 2898 et
1156 2834 1271 2897 Iasone
1301 2836 1332 2896 in
1361 2834 1489 2898 Colchis

235 2942 346 3016 initae,
386 2961 449 3003 non
486 2942 701 3017 demonstrat,
738 2941 823 3004 hunc
852 2941 959 3004 locum
989 2961 1008 3002 a
1039 2939 1319 3020 Scytobrachione
1350 2940 1487 3004 alienum

203 3078 205 3089 =
233 3067 320 3122 esse,
350 3049 407 3110 sed
430 3048 536 3129 potius
558 3047 766 3129 neglegenter
787 3046 967 3120 Diodorus,
998 3047 1080 3111 sicut
1102 3047 1263 3130 saepest),
1287 3046 1487 3128 excerpsisse

233 3151 464 3215 existimandus
487 3162 545 3216 est.

319 3257 401 3320 Cum
424 3279 501 3321 vero
523 3258 696 3320 Herculem
719 3257 981 3337 Argonautarum
1004 3259 1119 3321 ducem
1146 3258 1241 3320 luisse
1256 3267 1305 3321 -et
1334 3276 1485 3339 magnam

231 3365 274 3426 ab
289 3363 497 3446 expeditione
512 3365 648 3446 gloriam
663 3373 844 3446 reportasse
860 3361 1095 3443 Scytobrachio
1117 3363 1254 3438 finxerit,
1282 3363 1348 3426 veri
1362 3363 1486 3425 videtur

232 3471 436 3543 simillimum,
461 3491 503 3532 ex
525 3471 618 3533 huius
640 3470 829 3532 auctoritate
852 3469 1031 3531 Diodorum
1055 3490 1191 3542 narrare,
1215 3468 1389 3558 Herculem
1411 3486 1484 3528 curn

230 3575 432 3657 Argonautis
461 3578 493 3640 in
523 3575 663 3643 Colchos
693 3575 873 3656 proiectum
895 3573 1072 3636 Hesionam
1103 3574 1255 3638 liberasse
1286 3583 1383 3655 atque
1413 3573 1485 3634 inde

231 3703 393 3746 reversum
416 3682 548 3746 Troiam
570 3702 793 3764 oppugnasse,
823 3688 857 3764 ut
887 3678 1044 3760 perfidum
1067 3681 1325 3744 Laomedontem
1348 3679 1483 3761 puniret.

230 3789 274 3850 Et
296 3808 492 3870 quamquam
514 3789 630 3852 diserte
654 3807 718 3849 non
744 3786 894 3862 traditur,
924 3784 1234 3866 Scytobrachionem
1263 3786 1306 3848 ita
1329 3805 1483 3857 narrasse,

228 3905 337 3956 tamen
353 3903 479 3958 constat
495 3894 624 3974 quidem
640 3892 812 3955 scholiasta
829 3892 984 3974 Apolloni
1004 3893 1073 3976 (IV.
1094 3908 1172 3973 1153
1188 3922 1230 3946 =
1245 3891 1379 3954 Diodori
1398 3912 1425 3954 c.
1441 3909 1484 3970 49

230 4003 250 4079 ξ
277 4003 304 4082 1)
328 4008 427 4076 teste,
457 3999 543 4081 apud
565 4019 639 4061 eum
662 3998 871 4080 Argonautas
892 3998 1000 4061 Aeeta
1023 3999 1147 4081 proelio
1169 3999 1256 4061 victo
1280 3995 1396 4080 (schols
1416 3996 1481 4077 Ap.

229 4105 291 4168 Rh.
314 4105 372 4168 IV.
398 4120 468 4190 223,
493 4108 563 4181 228,
587 4105 720 4167 Diodor.
737 4105 789 4180 48,
812 4105 843 4184 4)
868 4106 991 4178 eadem,
1016 4126 1079 4186 qua
1101 4105 1254 4178 venerint,
1277 4103 1328 4164 via
1352 4101 1481 4164 rediisse

227 4233 287 4293 per
308 4213 498 4292 Bosporum.

313 4417 348 4484 ¹⁴)
380 4420 502 4486 Exempla
520 4427 607 4484 postea
625 4420 684 4469 satis
702 4420 780 4468 inulta
798 4419 938 4468 afferemus.
