3438 5028
181 451 204 486 )

743 421 958 486 ,75-

217 585 324 638 torem
336 575 377 655 ⁹⁴)
402 575 606 657 obiurgasse,
638 596 682 637 ex
711 578 778 638 eius
810 575 875 638 filia
897 575 1092 655 Astydamia
1119 577 1270 656 genuisse
1291 573 1483 657 Ctesippum

220 681 274 760 (=
294 678 370 742 bibl.
402 700 435 761 p.
459 680 501 761 76
527 679 547 743 l.
570 681 619 760 4),
650 681 722 744 dein
752 681 936 744 Arcadibus
964 680 1060 742 sociis
1085 681 1265 761 adsumptis
1294 678 1484 743 Oechaliam

216 785 360 865 cepisse,
401 785 563 867 Eurytum
601 806 676 849 cum
709 786 783 850 filiis
819 785 1017 850 interemisse
1027 787 1084 865 ⁹⁶),
1121 785 1212 848 Iolen
1251 786 1414 867 captivam
1450 788 1483 847 in

217 889 384 953 Cenaeum
413 891 568 954 Euboeae
601 893 858 972 promunturium
887 891 1079 966 abduxisse,
1113 891 1248 953 Licham
1278 889 1485 965 interfecisse,

220 995 276 1076 qui
310 1004 435 1058 vestem
474 1016 494 1059 a
531 995 682 1059 Deianira
725 997 823 1060 inscia
859 997 953 1058 Nessi
997 1016 1110 1059 cruore
1146 997 1279 1058 tinctam
1316 994 1487 1070 attulisset,

221 1101 422 1163 Philoctetae
443 1101 593 1163 Poeantis
614 1100 681 1164 filio
690 1105 741 1183 ⁹⁶),
766 1104 820 1184 qui
836 1123 952 1183 rogum
974 1101 1182 1176 accendisset,
1205 1102 1343 1164 donasse
1364 1121 1486 1174 arcum,

223 1207 362 1286 denique
385 1207 467 1268 inter
489 1206 569 1268 deos
591 1217 757 1290 receptum
780 1208 897 1270 Heben
926 1205 1057 1269 duxisse
1080 1207 1111 1268 in
1134 1207 1384 1268 matrimonium.
1430 1205 1486 1266 Ad

221 1312 359 1374 verbum
391 1331 493 1393 paene
522 1310 688 1374 Diodorus
721 1319 754 1372 et
782 1311 1008 1392 Apollodorus
1039 1321 1238 1392 congruunt,
1276 1311 1376 1372 modo
1398 1309 1489 1372 alter

223 1416 323 1480 modo
353 1415 435 1479 alter
467 1415 530 1477 hoc
559 1426 616 1478 aut
647 1414 726 1478 illud
758 1416 825 1478 sive
858 1417 981 1479 addens
1008 1417 1076 1478 sive
1106 1417 1267 1478 omittens
1322 1414 1486 1497 Compara

222 1520 321 1583 etiam
343 1520 466 1602 Hygini
488 1518 613 1583 fabulas
636 1535 687 1600 35,
711 1521 761 1600 36.

311 1657 414 1721 Multa
436 1659 536 1721 verba
558 1657 662 1721 facere
685 1679 750 1721 non
773 1677 872 1739 opus:
895 1657 1070 1720 similitudo
1093 1666 1125 1720 et
1148 1659 1379 1740 propinquitas
1403 1679 1487 1740 quae

222 1765 308 1826 inter
323 1763 459 1825 Diodori
482 1764 588 1844 capita
605 1780 731 1843 29—39
753 1762 822 1825 libri
844 1763 893 1826 IV
916 1766 1027 1845 paucis
1043 1764 1143 1825 modo
1165 1764 1306 1846 demptis
1329 1772 1361 1826 et
1375 1762 1490 1826 biblio·

221 1870 353 1930 thecam
377 1869 559 1943 intercedit,
595 1878 684 1930 tanta
716 1877 781 1943 est,
815 1879 851 1931 ut
880 1869 984 1931 minus
1015 1868 1185 1948 quisquam
1215 1869 1364 1945 miretur,
1399 1859 1487 1947 quod

222 1973 342 2034 eodem
365 1972 456 2035 sonte
478 1983 649 2054 utrumque
672 1993 765 2036 usum
786 1994 858 2036 esse
880 1983 998 2047 statue,
1022 1992 1120 2054 quam
1144 1974 1232 2054 quod
1252 1993 1349 2036 nemo
1372 1973 1489 2049 adhue,

222 2087 382 2158 quantum
405 2078 555 2157 equidem
578 2080 655 2151 scio,
679 2098 746 2140 rem
769 2079 996 2159 pronuntiavit,
1020 2097 1102 2157 quae
1125 2087 1174 2140 est
1196 2075 1375 2140 manifesta.

312 2215 450 2278 Restant
472 2216 531 2296 ipsi
554 2215 702 2278 Herculis
724 2216 861 2279 labores.
907 2215 1070 2296 Quoniam
1092 2237 1170 2279 vero
1200 2217 1231 2279 in
1253 2216 1303 2278 his
1326 2236 1391 2278 non
1413 2237 1488 2277 cum

222 2321 374 2383 Diodoro
404 2321 497 2385 nobis
525 2341 593 2383 rem
623 2341 693 2384 esse
726 2324 784 2383 sed
816 2341 889 2383 cum
924 2321 1061 2384 Matride
1093 2342 1189 2402 supra
1218 2342 1245 2384 c.
1270 2320 1316 2383 III
1346 2322 1490 2384 Holzero

223 2427 309 2488 duce
332 2426 509 2501 docuimus,
533 2426 649 2488 decimi
672 2425 790 2488 laboris
812 2434 921 2488 autem
936 2427 1150 2488 narrationem
1166 2427 1309 2489 maxima
1332 2447 1375 2488 ex
1396 2438 1489 2508 parte

223 2530 353 2591 Timaei
386 2550 457 2592 esse
482 2531 634 2604 vidimus,
666 2531 795 2593 iamiam
825 2533 865 2593 ad
896 2551 922 2592 c.
956 2545 993 2608 25
1018 2551 1088 2612 sqq.
1120 2533 1325 2596 accedamus.
1376 2532 1491 2612 Atque

226 2634 352 2716 Orphei
376 2637 590 2710 mentionem,
621 2655 719 2714 quam
749 2635 835 2699 haud
865 2644 940 2716 apte
970 2634 1134 2698 Diodorus
1164 2637 1277 2717 capitis
1302 2659 1317 2698 2
1323 2650 1338 2716 5
1365 2640 1487 2717 ξω

226 2740 314 2818 facit,
336 2741 481 2816 cumeis
505 2760 588 2820 quae
610 2740 681 2804 libri
701 2742 746 2803 III
769 2762 796 2804 c.
812 2741 853 2821 67
878 2743 1000 2820 §2-4
1014 2739 1179 2803 Diodorus
1202 2741 1291 2815 dixit,
1315 2743 1488 2806 cohaerere

313 3078 349 3146 ⁹⁴)
368 3081 470 3131 Iternm'
481 3081 657 3145 neglegentiae
675 3081 784 3130 Diodori
809 3082 953 3146 exemplum
979 3098 1007 3132 se
1031 3080 1112 3132 offert.
1148 3081 1216 3130 Dicit
1237 3083 1305 3132 enim
1322 3085 1487 3149 Astydamiae

224 3180 325 3238 patrem
344 3169 502 3227 Ormenium,
525 3185 679 3236 quamquam
697 3170 843 3232 Amyntoris
868 3186 961 3220 nomen
988 3171 1011 3220 ei
1036 3171 1112 3219 fuisse
1134 3186 1187 3218 non
1210 3172 1292 3220 solum
1316 3172 1489 3236 Apollodorus

225 3277 254 3325 p.
277 3259 344 3322 731.
365 3270 397 3321 27
416 3257 500 3320 tradit,
526 3259 665 3308 sedetiam
689 3258 811 3308 Pindarus
830 3255 946 3324 (Olymp.
968 3259 1030 3308 VII.
1050 3256 1095 3323 24)
1120 3267 1145 3307 et
1162 3259 1290 3308 Hesiodus
1306 3259 1395 3324 (schol.
1413 3261 1487 3310 Pind.

131 3357 135 3362 '
226 3347 345 3400 01.v11.
363 3360 406 3407 42,
426 3346 473 3410 frg.
495 3359 544 3410 134
561 3347 663 3411 Rzach).
698 3345 835 3408 Quomodo
855 3354 939 3396 autem
957 3345 1064 3396 Diodori
1082 3362 1151 3395 error
1167 3354 1237 3395 ortus
1256 3347 1295 3411 sit,
1324 3348 1399 3398 facile
1417 3349 1488 3398 intel·

225 3437 323 3499 ligitur.
360 3435 428 3483 Nam
446 3436 478 3483 ab
497 3435 658 3499 Apollodoro
681 3437 816 3496 docemur,
842 3437 1007 3498 Amyntorem
1032 3435 1146 3485 Ormenii
1169 3433 1246 3485 fuisse
1268 3451 1365 3499 regem.
1398 3437 1489 3501 Itaque

228 3524 431 3590 oppidi'nomen
449 3539 507 3572 cum
525 3524 591 3588 regis
609 3525 710 3573 nomine
729 3524 894 3588 neglegenter
912 3524 1087 3573 commutavit.

316 3643 351 3712 ⁰⁶)
374 3648 403 3695 In
421 3646 550 3710 praeclaro
570 3645 667 3694 scholio
684 3645 716 3694 ad
736 3644 870 3710 Sophoclis
888 3645 1007 3694 Trachin.
1032 3661 1055 3694 v.
1075 3643 1139 3702 266,
1164 3644 1235 3709 quod
1260 3643 1292 3693 de
1310 3644 1489 3708 Eurytidarum

228 3752 334 3785 numero
352 3736 426 3784 docte
444 3735 505 3799 agit,
523 3734 676 3783 Aristocrate
694 3741 758 3782 teste
775 3742 824 3783 tres
844 3719 1069 3783 hiadscribuntur:
1092 3729 1193 3792 Τοξεὺς
1209 3729 1330 3792 Κλύτιος
1347 3731 1491 3799 Δηιονεύς,

230 3824 359 3887 Quoniam
377 3825 477 3872 Toxeus
503 3831 527 3872 et
551 3821 650 3886 Clytius
673 3823 830 3886 reperiuntur
857 3822 926 3887 apud
953 3821 1111 3879 Diodorum,
1141 3821 1246 3871 sortasse
1269 3823 1491 3886 MOAIONEA,

231 3913 301 3978 quod
320 3927 412 3961 nomen
431 3912 496 3960 inter
515 3912 566 3960 duo
584 3911 629 3958 illa
648 3911 749 3975 legitur,
769 3913 919 3961 mutandum
935 3917 973 3966 est
990 3910 1016 3957 in
1035 3910 1217 3960 AHIONEA.

315 4031 417 4098 96)1Ηίο
435 4031 589 4098 Apollodori
614 4033 827 4099 deprehendimus
850 4039 992 4097 peccatum.
1029 4030 1153 4079 Hercules
1177 4031 1244 4079 enim
1268 4031 1424 4083 Philoctetae
1443 4033 1491 4098 ipsi

228 4138 315 4173 arcum
341 4121 420 4173 dedit.
455 4121 529 4171 False
554 4121 629 4184 igitur
654 4120 715 4169 bibl.
743 4137 769 4184 p.
797 4131 829 4182 74
851 4121 869 4169 l.
891 4130 922 4184 25
965 4118 1102 4168 Poeantem
1129 4118 1284 4169 Philoctetae
1310 4130 1407 4185 patrem
1433 4137 1491 4170 eum

227 4211 355 4275 accepisse
378 4217 470 4260 narrat.
515 4211 582 4259 Nam
607 4209 648 4258 hic
675 4207 816 4257 doctrinam
842 4223 894 4258 non
920 4222 1028 4258 errorem
1059 4208 1144 4270 latere,
1172 4205 1335 4271 persuadere
1352 4209 1413 4258 mihi
1438 4226 1492 4257 non

225 4314 341 4366 possum.
