3480 5030
757 421 970 484 ..39-

237 575 341 656 prima
369 573 424 636 illa
454 573 571 636 decimi
601 573 749 637 Herculis
786 574 905 638 laboris
941 595 1016 656 pars
1053 576 1218 639 reserenda
1250 578 1306 652 sit,
1343 581 1491 658 equidem

238 680 354 744 frustra
384 698 495 740 eruere
525 679 639 741 studui.
686 679 867 742 Monuerim
898 688 1006 743 autem
1036 692 1148 744 contra
1176 680 1331 746 Ottonem
1358 682 1492 748 Sieroka

241 787 285 866 (p.
311 785 362 865 22)
394 793 427 846 et
449 783 625 846 Holzerum
657 785 698 866 (p.
726 786 762 847 18
786 795 872 866 etp.
898 788 959 867 25),
984 787 1025 848 ad
1054 785 1136 849 hanc
1166 789 1388 867 quaestionem
1417 791 1491 853 nihil

238 890 342 953 facere
374 889 616 951 adnotationem
638 890 678 969 (c.
706 892 743 951 18
770 891 790 969 ξ
816 889 842 969 1)
873 892 914 952 de
943 892 1186 974 Hecatompylo
1216 894 1341 974 Libyco
1370 897 1491 977 oppido

238 1016 323 1058 anno
358 1010 420 1072 242
453 1014 473 1056 a
505 991 821 1075 Carthaginiensibus
855 1006 1062 1078 oppugnat0,
1101 1019 1173 1060 curn
1205 999 1270 1061 veri
1305 999 1345 1062 sit
1379 1001 1490 1076 simile,

238 1102 419 1164 Diodorum
450 1118 522 1160 eam
551 1099 657 1180 ipsum
686 1099 862 1175 addidisse,
898 1103 978 1164 sicut
1008 1103 1104 1164 etiam
1133 1105 1173 1166 de
1203 1103 1333 1167 Alesiae
1360 1105 1492 1169 historia

239 1228 266 1270 c.
294 1224 331 1286 19
353 1208 373 1285 ξ
396 1221 414 1266 2
439 1225 542 1286 pauca
564 1205 633 1284 ipse
656 1204 831 1268 adnotavit.

256 1339 259 1345 ’
323 1311 438 1392 Neque
461 1310 539 1373 certi
565 1328 669 1387 neque
692 1310 766 1371 novi
789 1310 965 1391 quidquam
994 1313 1034 1373 de
1057 1312 1213 1392 capitibus
1234 1330 1275 1393 29
1297 1324 1329 1377 et
1355 1333 1393 1394 30
1421 1337 1490 1398 pro·

239 1418 321 1480 ferre
341 1436 486 1498 possum,
509 1415 563 1476 ubi
585 1414 625 1476 de
647 1414 883 1495 Thespiadibus
907 1417 937 1477 in
960 1414 1136 1479 Sardiniam
1159 1420 1261 1480 missis
1283 1428 1316 1480 et
1338 1420 1378 1482 de
1401 1422 1491 1484 huius

238 1521 359 1585 insulae
382 1520 514 1582 historia
537 1517 689 1580 nonnulla
708 1518 865 1599 leguntur.
910 1521 1058 1583 Narratio
1080 1522 1182 1585 aliena
1204 1534 1254 1587 est
1275 1525 1316 1587 ab
1338 1546 1385 1600 ea,
1409 1548 1491 1608 quae
1548 1525 1550 1530 ’

238 1630 269 1690 in
283 1625 490 1708 Apollodori,
514 1623 569 1704 qui
590 1623 713 1698 dicitur,
736 1624 930 1688 bibliotheca
954 1628 995 1707 (p.
1015 1640 1062 1705 53,
1086 1626 1106 1692 l.
1127 1644 1165 1690 10
1180 1648 1251 1708 sqq.
1268 1630 1318 1692 ed.
1336 1631 1491 1714 Hercher)
1508 1611 1534 1716 „f

238 1732 413 1805 invenitur,
443 1729 497 1793 ubi
519 1727 676 1791 Hercules
704 1750 723 1791 a
745 1728 888 1810 Thespio
912 1751 976 1791 non
998 1731 1040 1792 ad
1061 1732 1214 1794 sacrificia
1238 1735 1369 1814 diesque
1392 1735 1491 1800 festos
1517 1717 1527 1726 ⁸

239 1836 405 1909 invitatuS,
432 1835 500 1922 ,sed
537 1855 610 1896 cum
649 1843 760 1896 contra
797 1832 1043 1897 Cithaeroneum
1081 1836 1207 1900 leonem
1244 1839 1407 1920 profectus
1442 1843 1490 1915 sit,

238 1941 380 2022 hospitio
403 1948 552 2020 receptus
574 1959 645 2001 esse
667 1939 789 2013 dicitur,
812 1949 845 2002 et
867 1941 920 2003 ubi
943 1949 1007 2002 tres
1029 1941 1230 2023 Thespiades
1253 1946 1297 2026 (p.
1321 1961 1371 2025 72,
1395 1945 1414 2008 l.
1440 1949 1490 2028 2ο)

239 2045 371 2109 Thebas
400 2044 485 2106 missi
509 2064 579 2106 esse
607 2047 790 2116 traduntur,
823 2065 886 2106 non
916 2047 990 2108 duo.
1037 2045 1135 2127 Quod
1156 2058 1264 2110 autem
1286 2050 1365 2113 haec
1388 2054 1492 2134 capita

241 2170 345 2232 paene
366 2150 407 2212 ad
424 2150 559 2212 verbum
576 2170 595 2212 a
610 2148 757 2211 Diodoro
780 2150 811 2210 in
830 2148 911 2213 libro
927 2151 960 2212 V
978 2161 1173 2232 repetuntur,
1197 2174 1262 2216 non
1283 2156 1491 2230 demonstrat,

240 2276 279 2317 ea
301 2276 319 2317 e
341 2255 478 2318 Timaeo
505 2275 668 2327 manasse,
704 2264 739 2316 ut
769 2251 849 2318 Otto
874 2253 1008 2319 Sieroka
1039 2277 1070 2338 p.
1095 2274 1137 2334 24
1159 2261 1289 2322 censuit.
1335 2259 1400 2323 Sed
1429 2263 1492 2324 iam

239 2371 315 2422 octo
351 2361 440 2422 annis
486 2368 560 2421 ante
597 2358 732 2421 Carolus
768 2359 977 2433 Miillenhoff,
1023 2361 1091 2423 fuse
1131 2364 1292 2445 docteque
1328 2367 1493 2449 disputans

240 2465 258 2527 l.
287 2465 306 2530 l.
335 2485 366 2546 p.
395 2465 579 2543 455---460
615 2464 749 2525 Diodori
783 2464 853 2526 libri
881 2463 913 2524 V
947 2476 1043 2545 caput
1076 2480 1111 2546 15
1141 2488 1160 2529 a
1189 2469 1324 2533 Timaeo
1355 2472 1492 2535 alienum

239 2591 309 2632 esse
332 2569 452 2632 statuit.

322 2675 456 2737 Prorsus
479 2675 554 2737 nihil
578 2677 652 2737 novi
674 2672 817 2755 proferre
840 2694 974 2754 possum
996 2676 1037 2736 de
1060 2678 1216 2756 capitibus
1239 2681 1278 2759 78
1301 2690 1335 2743 et
1356 2697 1414 2762 79,
1440 2684 1493 2745 ubi

238 2783 279 2844 de
303 2780 439 2843 Daedali
463 2781 613 2862 operibus
636 2781 667 2842 in
685 2778 791 2841 Sicilia
814 2777 977 2852 confectis
1002 2780 1042 2841 de
1066 2778 1186 2844 Cocalo
1208 2804 1291 2865 rege,
1315 2788 1356 2848 de
1378 2787 1494 2850 Minois

192 2903 195 2909 ’
239 2896 359 2961 morte,
391 2887 432 2948 de
456 2885 657 2950 Cretensium
684 2886 716 2947 in
738 2884 799 2946 hac
821 2885 923 2945 insula
945 2884 1078 2948 coloniis
1100 2887 1264 2969 agiturtt).
1310 2890 1375 2954 Sed
1399 2914 1493 2955 nemo

239 2991 334 3054 faciet
355 3011 429 3053 curn
445 2990 569 3053 Ottone
586 2990 729 3065 Sieroka,
754 2991 808 3069 qui
831 3011 862 3070 p.
890 3007 928 3068 19
950 2991 1138 3070 suspicatur,
1161 2989 1296 3058 fortasse
1315 2996 1494 3060 Diodorum

239 3096 290 3159 hic
312 3095 479 3158 Antiocho
503 3095 709 3175 Syracusano
732 3115 825 3157 usum
848 3115 934 3168 esse,
965 3115 1039 3156 cum
1062 3095 1080 3155 l.
1104 3095 1175 3157 Xll.
1208 3114 1242 3174 71
1270 3101 1289 3177 ξ
1313 3117 1331 3159 2
1353 3104 1493 3178 adnotet,

215 3210 407 3290 'auctorem
437 3201 525 3262 illum
557 3201 632 3262 inde
659 3222 678 3263 a
705 3199 827 3262 Cocalo
857 3219 933 3279 rege
956 3198 1097 3262 Siculam
1127 3201 1291 3264 historiam
1321 3208 1493 3286 scripsisse.

237 3306 392 3370 Eiusdem
412 3309 497 3368 enirn
520 3307 645 3394 generis
662 3315 760 3369 notae
778 3305 979 3369 inveniuntur
993 3325 1051 3387 per
1069 3325 1182 3369 omnes
1196 3308 1331 3371 Diodori
1346 3309 1495 3376 historiae

240 3421 350 3494 partes
373 3411 553 3494 dispersae,
582 3431 665 3493 quae
688 3411 827 3474 breviter
849 3410 1073 3473 historicorum
1096 3432 1232 3493 operum
1255 3414 1381 3490 titulos,
1413 3417 1498 3480 initia

236 3517 400 3598 finesque,
425 3537 576 3579 numeros
598 3515 753 3578 librorum
777 3516 932 3578 indicant:
957 3513 995 3577 cf.
1020 3536 1048 3578 e.
1071 3537 1118 3597 gr.
1141 3517 1181 3582 ll.
1207 3534 1255 3596 32,
1276 3537 1306 3595 4,
1335 3519 1422 3580 Xlll.
1446 3535 1497 3595 42,

323 3687 359 3756 ὅἳ)
387 3689 541 3739 Incredibile
565 3698 602 3738 est
631 3688 675 3738 sed
704 3703 807 3748 verum,
838 3702 891 3736 esse
917 3703 997 3751 usque
1025 3687 1058 3735 ad
1083 3687 1150 3737 hunc
1178 3689 1260 3751 diem,
1290 3690 1333 3754 qui
1357 3689 1498 3738 Diodorum

241 3779 384 3829 Siculorum
407 3778 505 3827 fabulas
530 3776 648 3826 nimirum
675 3792 706 3825 ex
728 3777 849 3825 memoria
875 3775 973 3824 tradere
1000 3783 1098 3839 putent.
1141 3777 1260 3827 Ernestus
1287 3777 1405 3826 Kuhnert
1431 3777 1498 3826 enim

237 3868 269 3917 de
295 3867 411 3917 Daedalo
438 3867 464 3916 in
486 3865 644 3916 Fleckeiseni
671 3865 801 3914 annalium
832 3864 884 3912 vol.
912 3865 1040 3929 supplem.
1064 3866 1114 3913 XV
1139 3866 1198 3914 anni
1224 3865 1289 3915 1886
1314 3883 1341 3931 p.
1368 3865 1415 3914 186
1441 3881 1496 3930 sqq.

237 3958 313 4005 verba
337 3954 432 4004 faciens
455 3953 516 4004 dicit
533 3954 610 4003 haec:
640 3953 724 4003 »nicht
741 3953 797 4002 eine
815 3951 913 4016 einzige
930 3953 1059 4002 Bildsiiule
1077 3968 1126 4002 von
1144 3953 1197 4001 ihm
1215 3963 1293 4003 neunt
1311 3953 1365 4002 hier
1383 3954 1492 4010 Diod013

239 4044 320 4093 nichts
341 4043 448 4092 wulsten
471 4044 512 4092 die
533 4041 631 4093 Sicilier
654 4058 705 4090 von
726 4041 776 4091 den
799 4041 952 4105 lebendigen
974 4041 1099 4101 Werken,
1126 4056 1158 4089 an
1182 4041 1222 4090 die
1249 4042 1289 4090 bei
1316 4042 1373 4090 dem
1398 4043 1496 4091 Namen

239 4131 352 4180 Dh'dalos
371 4132 416 4179 der
433 4131 533 4181 Attiker
551 4139 632 4181 zuerst
650 4131 704 4180 und
720 4129 770 4179 fast
788 4130 865 4178 allein
885 4129 1002 4179 dachte.r
1039 4129 1090 4178 Sed
1108 4129 1235 4177 evanescit
1252 4128 1326 4178 huius
1347 4130 1396 4178 loci
1416 4130 1496 4193 gloria

237 4235 298 4283 prae
316 4219 445 4276 doctrina,
472 4235 537 4283 quae
560 4219 648 4284 paucis
672 4218 755 4268 verbis
779 4227 838 4282 post
863 4219 970 4282 superbe
994 4216 1112 4266 lectorem
1136 4216 1248 4265 adridet:
1280 4217 1400 4266 »Danach
1427 4217 1496 4266 kann

237 4307 296 4355 hein
322 4306 426 4355 Zweilel
455 4306 561 4355 dartlber
587 4306 722 4365 bestehen,
756 4306 812 4355 dass
840 4303 1024 4369 (Pherekydes)
1052 4303 1106 4353 eine
1124 4305 1231 4353 attische
1250 4303 1341 4366 Quelle
1359 4305 1491 4364 benutzte,

237 4393 452 4458 moglicherweise
469 4393 561 4443 bereits
579 4395 652 4443 einen
672 4393 909 4458 Atthidographen«
929 4393 964 4457 (p.
986 4392 1053 4457 187).
1147 4427 1150 4434 -
