3438 5028
774 400 977 477 „64-

327 569 444 633 Statim
466 570 602 634 Daedali
625 568 749 632 fabulas
772 569 996 640 adnectamus,
1027 551 1124 648 ¹quas
1137 568 1302 630 Diodorus
1324 589 1350 630 c.
1375 567 1503 648 76-80
1608 559 1612 566 ’

242 674 311 738 fuse
347 685 482 738 enarrat.
536 673 684 755 Quorum
721 693 794 734 cum
832 675 940 753 capita
974 674 1031 753 78,
1069 688 1120 753 79,
1159 670 1272 754 capitis
1302 674 1343 735 80
1379 672 1502 734 initium

242 779 369 843 aliunde
410 800 559 843 manasse
596 778 709 842 Ottoni
746 775 880 840 Sieroka
923 778 986 838 iam
1030 796 1128 857 supra
1172 779 1424 840 concesserimus
1469 785 1503 838 et

242 907 268 948 c.
306 887 349 948 80
392 888 412 964 ξ
449 897 534 965 3-5
573 884 615 947 ab
658 884 730 964 ipso
766 882 913 944 Diodoro
957 901 1028 943 esse
1069 882 1110 944 de
1154 901 1213 944 suo
1257 883 1383 946 additas
1426 901 1502 943 cnm

243 988 425 1053 Christiano
478 989 517 1058 G.
565 990 683 1070 Heyne
734 987 954 1060 statuerimuS,
1008 995 1129 1048 restant
1173 990 1273 1051 modo
1316 987 1423 1068 capita
1460 987 1502 1067 76

243 1103 276 1158 et
311 1110 369 1176 77,
419 1115 523 1177 neque
566 1094 647 1157 haec
691 1099 760 1153 tota
807 1111 824 1153 e
868 1089 1141 1171 mythographico
1186 1091 1274 1154 fonte
1318 1092 1500 1154 Diodorum

243 1200 419 1281 sumpsisse
449 1199 645 1262 contendere
671 1197 783 1260 ausim.
829 1197 959 1258 Distant
981 1197 1066 1258 enim
1089 1195 1131 1258 ab
1152 1195 1286 1278 Hygino
1309 1206 1342 1259 et
1363 1195 1500 1277 Apollo-

243 1304 335 1370 doro.
379 1303 445 1368 Sed
474 1303 656 1366 Daedalum
687 1323 730 1364 ex
758 1300 855 1364 Creta
890 1300 1003 1380 pennis
1040 1299 1210 1363 artificiose
1243 1300 1396 1364 confectis
1426 1321 1501 1364 cum

243 1408 335 1472 Icaro
370 1429 427 1490 per
464 1429 572 1471 aerem
602 1405 780 1487 aufugisse,
817 1405 944 1468 Icarum
981 1405 1012 1466 in
1041 1425 1129 1467 mare
1159 1406 1332 1481 decidisse,
1371 1415 1499 1487 patrem

243 1512 348 1576 solum
370 1514 403 1575 in
418 1511 558 1575 Siciliam
579 1512 773 1594 pervenisse,
797 1507 961 1572 Diodorus
981 1531 1008 1572 c.
1025 1525 1066 1591 77
1087 1513 1208 1591 §7—9
1229 1531 1361 1592 prorsus
1382 1512 1499 1574 eodem

244 1619 344 1680 modo
372 1627 494 1693 narrat,
527 1637 593 1698 quo
622 1616 773 1697 Hyginus
803 1613 866 1677 fab.
887 1632 931 1692 40
952 1624 985 1677 et
1008 1615 1231 1696 Apollodorus
1255 1619 1297 1694 (v.
1321 1618 1500 1698 epitomam

243 1723 446 1805 Vaticanam‚
469 1722 553 1785 Mus¹
567 1723 674 1785 Rhen.
690 1720 775 1782 XLI.
799 1740 830 1801 p.
851 1735 906 1796 141
926 1748 968 1773 =
984 1719 1104 1781 Zenob.
1121 1720 1178 1782 IV.
1195 1720 1258 1801 92).
1303 1721 1388 1784 Nam
1411 1723 1500 1803 quod

243 1827 395 1908 Hyginus
417 1837 541 1901 narrat,
576 1827 719 1888 Minoem
741 1824 889 1888 Daedalo
912 1833 1047 1906 propter
1068 1845 1200 1887 vaccam
1223 1825 1399 1907 Pasiphaae
1425 1846 1498 1888 con·

243 1931 361 1995 sectam
393 1932 627 2004 succensuisse,
658 1931 821 1992 Diodorus
845 1931 864 2008 ξ
888 1945 907 2010 7
931 1930 1048 1991 indicat
1070 1929 1191 1992 verbis:
1230 1929 1403 1991 »Δαιδάλου
1426 1982 1432 1995 ,
1459 1981 1464 1992 .
1490 1982 1498 1997 .

242 2037 301 2097 ὑπὸ
336 2045 391 2116 τῆς
425 2035 593 2118 Πασιφάης
627 2033 848 2118 κρυπτομένουκ
886 2043 918 2095 et
949 2037 969 2112 ἓ
1002 2048 1016 2109 5
1048 2033 1165 2096 diserte
1194 2035 1285 2098 dicit:
1327 2035 1499 2096 »Δαίδαλον

243 2139 417 2220 πυθόμενον
442 2142 497 2221 τὴν
520 2141 643 2220 ἀπειλὴν
664 2149 719 2201 τοῦ
740 2139 834 2200 Μίνω
857 2138 908 2198 διὰ
925 2139 981 2218 τὴν
1008 2139 1196 2218 κατασκευὴν
1224 2149 1280 2220 τῆς
1306 2139 1379 2219 βοός
1402 2188 1410 2206 .
1434 2187 1441 2201 .
1467 2167 1493 2202 ,ι

243 2246 466 2327 Apollodorus
496 2256 605 2309 autem
636 2245 732 2307 etiam
763 2243 844 2305 hanc
867 2243 984 2304 Minois
1006 2245 1036 2304 in
1059 2243 1241 2307 Daedalum
1274 2247 1338 2308 irae
1365 2267 1496 2309 causam

244 2352 413 2414 tradidisse
437 2354 573 2433 adparet
595 2359 723 2431 praeter
744 2348 893 2421 alteram,
928 2367 1024 2426 quam
1047 2349 1191 2429 epitoma
1213 2350 1370 2413 Vaticana
1393 2351 1497 2415 solam

151 2525 155 2530 ,
243 2455 377 2536 praebet
410 2457 474 2518 »ὅτι
497 2456 607 2529 Μίνως
629 2452 811 2532 αἶσθόμενας
837 2461 892 2512 τοῦ
921 2453 1038 2535 φεύγειν
1066 2454 1144 2532 μετὰ
1171 2453 1310 2534 Θησέως,
1344 2456 1498 2519 Δαίδαλον

242 2559 338 2621 αἴτιον
360 2560 391 2622 ἓν
408 2564 452 2646 tn*
473 2562 652 2644 λαβυρίνθῳ
671 2559 748 2637 μετὰ
769 2565 824 2618 τοῦ
844 2557 952 2630 παιδὸς
964 2555 1093 2641 Ἰκαρίου
1107 2561 1305 2641 καθεῖρξενιῑ
1337 2561 1497 2626 Zenobius

243 2667 327 2728 enim
349 2666 407 2728 IV.
430 2683 482 2747 92,
506 2667 561 2748 qui
583 2685 685 2747 paene
707 2662 807 2724 verbo
830 2671 922 2725 tenus
945 2684 1018 2726 cum
1040 2663 1235 2744 Apollodori
1259 2668 1401 2747 epitoma
1423 2688 1496 2731 con-

242 2771 351 2846 sentit,
389 2792 449 2852 pro
478 2770 559 2834 illins
588 2790 672 2850 quae
700 2768 799 2830 modo
825 2768 983 2849 exscripsi
1003 2768 1108 2831 verbis
1130 2757 1263 2833 exhibet
1292 2770 1388 2836 haec:
1433 2769 1493 2835 »δι’

243 2875 315 2958 ὅπερ
340 2877 395 2957 (sc.
420 2876 580 2956 Δαίδαλος)
604 2873 762 2958 εἰργάσατο
790 2872 885 2953 μύσος
915 2873 961 2934 ἐπὶ
990 2874 1033 2956 “I
1062 2882 1117 2953 τῆς
1141 2875 1310 2959 Πασιφάης
1337 2875 1425 2961 ἔρωτι
1454 2883 1497 2964 τῷ

242 2981 317 3063 πρὸς
338 2981 392 3042 τὸν
409 2991 535 3064 calpon«
549 2982 599 3060 ⁷⁶).
637 2980 802 3042 Adnotem
825 2988 942 3049 autem,
966 2977 1101 3041 Diodori
1124 2981 1258 3043 alteram
1281 2985 1496 3048 narrationem

242 3087 416 3151 Pausaniae
439 3085 513 3148 VII.
543 3103 573 3162 4.
599 3085 696 3166 5-6,
726 3084 782 3146 IX.
810 3099 900 3158 11.4
930 3102 994 3143 non
1024 3083 1067 3145 ita
1095 3104 1167 3147 esse
1189 3086 1391 3165 dissimilem,
1421 3111 1496 3153 cum

243 3193 329 3273 apud
361 3199 532 3271 utrumque
566 3211 630 3252 non
662 3190 791 3271 pennis,
829 3186 886 3248 sed
921 3186 1054 3250 navibus
1087 3209 1130 3251 ex
1162 3189 1259 3253 Creta
1291 3192 1321 3255 in
1354 3193 1495 3258 Siciliam

242 3296 449 3378 aufugiat⁷⁷),
480 3305 578 3377 atque
601 3315 683 3376 quae
706 3295 869 3358 Diodorus
889 3291 931 3354 de
953 3291 1089 3356 Daedali
1111 3296 1224 3357 statuis
1245 3297 1336 3375 dicit,
1367 3301 1519 3381 saepius·

241 3400 314 3480 legi,
338 3420 416 3481 ergo
439 3402 480 3462 ad
503 3421 602 3463 unum
622 3399 743 3462 fontem
766 3396 976 3477 redigendum
1000 3417 1070 3459 esse
1080 3399 1130 3479 ⁷⁸).

241 3571 348 3620 Putatne
371 3587 455 3620 revera
481 3580 534 3621 tum
559 3571 678 3636 temporis
701 3567 800 3618 fabulas
824 3575 850 3616 nt
874 3567 910 3615 ita
934 3567 1016 3616 dicam
1034 3569 1138 3618 vixisse?
1175 3571 1349 3622 Bibliothecae
1366 3583 1494 3624 auctorem

240 3658 389 3722 Apollodori
408 3674 501 3708 nomen
519 3675 572 3708 esse
597 3658 727 3708 mentitum
746 3655 908 3705 Hermannus
927 3655 999 3706 Diels
1027 3658 1094 3707 Mus.
1119 3659 1202 3710 Rhen.
1229 3662 1279 3711 vol.
1302 3662 1401 3714 XXXI.
1428 3680 1454 3727 p.
1479 3664 1494 3713 8

241 3746 334 3796 docuit.

325 3831 359 3898 76)
372 3851 401 3892 y.
415 3835 482 3883 Mus,
497 3834 579 3882 Rhen.
591 3834 659 3883 XLI.
671 3849 696 3896 p.
713 3845 759 3894 143
772 3831 894 3881 Ricardus
904 3833 1015 3896 Wagner
1038 3834 1134 3883 Zeuobi
1147 3837 1223 3884 verba
1235 3836 1279 3885 illa
1291 3838 1323 3885 ab
1335 3838 1494 3902 Apollodoro

239 3923 321 3972 aliena
340 3937 393 3972 esse
410 3930 491 3988 putat.

325 4008 361 4076 ⁷⁷)
390 4011 423 4062 cl.
456 4011 531 4060 etiam
564 4008 630 4057 Plini
659 4018 710 4059 nat.
740 4009 798 4059 hist.
823 4010 882 4060 VII.
908 4022 969 4072 209:
1012 4009 1122 4059 »malum
1154 4018 1178 4060 et
1208 4019 1335 4062 antennan
1364 4014 1494 4065 Daedalus

240 4097 383 4164 (invenit).«

325 4184 361 4253 lg)
380 4204 404 4238 v.
421 4186 544 4252 imprimis
564 4185 643 4236 schol.
662 4185 759 4236 Platon.
778 4186 883 4239 Menon.
901 4201 927 4250 p.
946 4185 995 4250 367
1014 4192 1039 4234 et
1056 4187 1163 4236 Tzetzae
1181 4187 1283 4240 chiliad.
1302 4189 1322 4238 1.
1342 4196 1404 4252 539;
1423 4205 1492 4240 com·

239 4275 324 4341 posuit
340 4277 410 4325 locos
425 4275 538 4339 ⁴Joannes
559 4273 705 4324 Overbeck:
729 4273 942 4340 »Schriltquellen
960 4291 1004 4325 zur
1016 4274 1168 4325 Geschichte
1189 4277 1233 4326 der
1249 4275 1387 4326 bildenden
1406 4277 1492 4329 Kunst

238 4364 279 4414 bei
298 4364 347 4414 den
366 4363 518 4414 Griechen.«
556 4363 596 4414 Cf.
616 4363 670 4414 Car.
689 4363 798 4411 Robert:
819 4362 1035 4427 Archtologische
1053 4365 1175 4414 Marchen
1197 4365 1222 4418 S.
1243 4376 1253 4414 1
1269 4379 1324 4429 sqq.
