3480 5030
799 370 1006 434 „23-

276 525 362 588 haud
399 524 552 606 aliter²⁷)‚
605 524 719 605 Itaque
755 522 818 586 hoc
854 523 926 585 loco
963 521 1223 604 mythographos
1259 543 1335 585 suos
1367 522 1530 585 Diodorus

275 638 403 693 secutus
425 638 483 694 est.
528 627 593 692 Sed
615 629 688 690 inde
710 649 730 690 a
758 628 863 690 verbis
890 627 957 688 »διὰ
978 627 1016 706 δὴ
1038 627 1151 700 ταύτας
1172 629 1227 700 τὰς
1248 628 1362 700 attinge
1393 626 1531 708 Dionysi

277 735 412 816 vestigia
449 734 745 816 deprehenduntur:
781 743 1075 795 commemorantur
1108 734 1192 796 enim
1221 733 1346 796 velleris
1379 733 1530 794 custodes

276 839 373 902 Tauri
402 847 435 902 et
463 837 648 913 ξενοκτονία,
683 857 766 917 quae
793 857 812 898 a
841 821 972 918 vulgata
1000 837 1108 901 fabula
1137 837 1239 900 aliena
1272 837 1447 916 Dionysius
1487 838 1530 899 in-

277 944 414 1007 duxerat
445 942 484 1025 (v.
516 964 542 1006 c.
574 943 614 1019 48
645 945 665 1021 ᾗ
699 958 711 1003 1
742 952 775 1004 et
805 945 825 1022 ξ
855 968 874 1019 4
883 962 891 1018 ;
921 964 947 1005 c.
976 943 1019 1020 46
1050 945 1070 1022 ξ
1108 959 1119 1003 1
1155 944 1249 1024 sqq.).
1295 942 1530 1024 Scytobrachio

279 1058 387 1112 autem
409 1068 473 1110 non
496 1051 644 1122 narravit,
668 1047 808 1111 Aeetam
830 1048 961 1110 demum
984 1057 1060 1129 post
1079 1047 1245 1110 oraculum
1267 1047 1326 1110 sibi
1348 1050 1389 1110 de
1412 1047 1531 1110 vellere

278 1154 399 1220 editum
416 1173 529 1216 omnes
544 1153 690 1235 hospites
707 1151 839 1215 mactari
855 1152 992 1227 iussisse,
1009 1152 1066 1215 sed
1081 1152 1239 1215 Hecatam
1255 1152 1319 1214 iam
1333 1163 1408 1217 ante
1422 1153 1530 1215 Phrixi

278 1257 404 1338 Criique
421 1258 595 1320 adventurn
610 1257 725 1320 marito
742 1256 946 1337 persuasisse,
970 1265 1005 1318 ut
1024 1257 1102 1319 illud
1116 1257 1235 1320 iussum
1249 1258 1349 1333 daret,
1373 1269 1405 1320 et
1421 1258 1530 1322 Crium

277 1366 382 1446 ipsum
404 1364 468 1426 iam
491 1371 525 1424 ut
544 1361 706 1442 hospitem
724 1361 900 1425 secundum
916 1362 1022 1443 legem
1039 1370 1223 1436 mactatum,
1246 1360 1399 1425 Phrixum
1420 1372 1530 1426 autem

277 1469 383 1532 solum
413 1490 433 1531 a
462 1466 658 1546 Scytharum
687 1486 764 1547 rege
794 1476 954 1528 servatum
984 1487 1074 1552 esse.
1107 1466 1219 1546 Itaque
1241 1466 1404 1531 Diodorus
1432 1470 1530 1532 etiam

278 1574 341 1636 hoc
370 1572 444 1635 loco
467 1572 554 1634 varia
578 1571 703 1632 videtur
724 1572 956 1652 permiscuisse,
999 1569 1206 1652 Paragrapho
1236 1580 1345 1634 autem
1378 1589 1394 1650 3
1424 1573 1529 1652 ipsum

277 1679 464 1740 historicum
492 1677 569 1740 satis
599 1676 723 1756 ineptas
750 1685 914 1739 taurorum
943 1674 1089 1738 flammas
1119 1676 1307 1756 spirantium
1329 1684 1362 1738 et
1383 1677 1529 1739 draconis

277 1784 390 1844 ἀύπνου
433 1779 711 1861 interpretationes
759 1779 828 1843 fuse
880 1780 1023 1862 proferre
1073 1790 1173 1861 put0,
1219 1781 1355 1861 Dionysi
1399 1781 1529 1862 argutiis

277 1908 371 1950 usum
380 1886 431 1969 28).
1436 1894 1438 1898 ’

362 2011 510 2091 Denique
532 2009 675 2084 fabulae,
714 2029 796 2088 quae
816 2009 969 2072 Phrixum
992 2009 1185 2091 Hellamque
1208 2011 1267 2072 iter
1289 2030 1346 2091 per
1368 2029 1475 2071 aerem
1498 2010 1529 2071 in

277 2119 376 2181 ariete
409 2136 507 2179 aureo
539 2115 650 2178 iecisse
681 2114 791 2189 refert,
829 2115 908 2177 duas
944 2115 1222 2195 interpretationes
1251 2115 1355 2192 addit,
1394 2134 1529 2195 quarum

277 2232 411 2304 utraque
441 2223 471 2285 in
501 2220 624 2283 scholio
662 2221 702 2282 ad
732 2219 887 2300 Apollon.
917 2220 979 2282 Rh.
1010 2219 1033 2282 I.
1058 2219 1119 2304 256
1155 2220 1326 2294 invenitur,
1358 2219 1459 2281 altera
1487 2240 1530 2282 ex

277 2327 413 2407 Dionysi
444 2327 484 2388 de
512 2325 711 2406 Argonautis
739 2324 820 2386 libro
850 2325 991 2385 secundo
1020 2325 1122 2406 petita
1147 2333 1204 2387 est.
1250 2324 1363 2406 Itaque
1391 2332 1529 2386 statuen-

169 2510 171 2514 .
277 2433 353 2494 dum
381 2439 446 2505 est,
475 2430 656 2492 Diodorum
685 2429 749 2491 iam
775 2447 868 2490 usum
898 2447 968 2491 esse
991 2427 1071 2492 libro
1094 2438 1126 2492 et
1148 2430 1264 2491 eodem
1287 2429 1432 2509 quidem,
1464 2449 1530 2510 quo

278 2534 434 2618 Apolloni
463 2533 649 2608 scholiasta,
680 2533 734 2614 qui
766 2534 847 2595 inter
874 2532 936 2595 alia
962 2533 1058 2596 etiam
1085 2534 1222 2614 Dionysi
1244 2533 1424 2615 fragmenta
1445 2554 1529 2596 com·

278 2640 486 2724 plectebatur.
520 2638 683 2701 Diodorus
705 2646 813 2701 autem
837 2638 1005 2700 occasione
1020 2640 1096 2700 data
1109 2641 1239 2702 demum
1263 2642 1283 2719 ξ
1308 2654 1322 2719 5
1348 2648 1381 2701 et
1402 2639 1423 2700 6
1444 2659 1471 2700 c.
1487 2653 1528 2718 47

277 2746 382 2821 refert,
406 2744 494 2826 quod
516 2741 752 2824 Scytobrachio
774 2743 814 2804 de
836 2742 956 2805 Phrixo
978 2753 1011 2805 et
1034 2742 1108 2805 Crio
1131 2754 1313 2807 narraverat
1321 2744 1371 2825 ²⁹).

277 2926 485 2936 -.---—-—

313 3100 316 3104 ,
363 3049 397 3115 ll)
430 3051 469 3100 Cf.
497 3049 573 3098 etiam
596 3048 694 3113 Hygini
718 3048 770 3099 fab.
793 3062 824 3112 3,
858 3049 916 3113 qui,
945 3058 973 3098 ut
998 3049 1075 3110 solet,
1107 3050 1169 3098 miro
1197 3048 1274 3098 modo
1301 3049 1383 3098 aliena
1400 3049 1529 3100 admiscet.

277 3141 406 3190 Diodorus
432 3155 476 3197 ea,
505 3153 570 3202 quae
596 3153 618 3187 c.
641 3147 673 3198 47
701 3133 719 3202 ξ
742 3149 752 3184 1
779 3136 811 3185 de
835 3137 927 3186 Phrixo
951 3145 1048 3197 narrat,
1076 3138 1166 3187 eodem
1189 3139 1260 3186 fonte
1284 3151 1334 3200 quo
1354 3139 1529 3203 Apollodorus

278 3243 336 3277 usus
365 3226 461 3292 profert
484 3225 571 3275 addito
595 3225 667 3290 quasi
695 3224 769 3288 signo
786 3225 878 3274 verbo:
913 3228 1147 3296 »pudoloyouoc«.
1196 3225 1236 3274 lta
1262 3224 1337 3273 etiam
1355 3241 1376 3276 c.
1402 3241 1436 3288 44
1468 3224 1486 3292 ᾖ
1516 3240 1525 3275 1

280 3308 518 3389 »μυθογράφουςε
551 3314 612 3363 dicit
644 3313 757 3372 tradere,
786 3329 850 3378 quae
878 3313 985 3362 adnotat
1012 3314 1137 3363 simillima
1159 3313 1326 3363 bibliothecae
1355 3323 1380 3362 et
1406 3315 1529 3379 Apolloni

276 3405 386 3455 scholiis.
422 3403 517 3454 Confer
535 3402 610 3453 etiam
632 3416 663 3464 41
684 3399 702 3466 ἓ
723 3415 746 3464 3.
781 3401 899 3450 Eundem
917 3408 1045 3450 auctorem
1065 3413 1098 3466 54
1116 3399 1133 3468 ᾖ
1153 3404 1168 3452 6
1189 3405 1385 3471 »ooyyparpr‘a«
1407 3405 1527 3468 appellat.

278 3495 316 3543 Ea
327 3502 419 3554 autem,
439 3508 504 3559 quae
520 3491 659 3541 secundum
670 3489 821 3554 Dionysium
834 3489 866 3538 de
878 3490 1034 3554 Argonautis
1049 3491 1132 3541 scribit
1151 3491 1310 3541 »historiam«
1331 3491 1404 3541 dicit:
1426 3487 1490 3555 46§
1506 3505 1527 3551 1,

278 3583 311 3644 48
330 3579 347 3648 ξ
369 3597 395 3642 13
419 3581 451 3632 ef.
469 3594 511 3643 40,
535 3593 562 3638 1;
583 3593 624 3642 44,
644 3579 673 3638 6;
694 3592 737 3641 49,
758 3593 851 3643 3344,
872 3591 900 3642 3;
921 3590 963 3642 45,
986 3591 1007 3628 1.
1044 3578 1127 3628 Semel
1150 3580 1229 3629 modo
1249 3580 1275 3628 in
1292 3578 1401 3642 Dionysi
1419 3579 1530 3643 epitoma

278 3672 355 3720 verbo
373 3671 450 3720 utitur
470 3669 711 3738 »pvaoloyoonw
733 3681 766 3731 49
787 3663 805 3732 ᾖ
822 3667 845 3718 6.

254 3837 255 3842 ¹
362 3775 399 3843 ²⁸)
426 3777 562 3840 Dionysius
579 3776 677 3824 fabulas
694 3793 747 3826 non
766 3777 941 3840 interpretatus
959 3782 1010 3824 est:
1031 3793 1055 3826 v.
1073 3791 1156 3840 supra.
1183 3776 1225 3824 Ad
1242 3777 1386 3826 Draconem
1408 3776 1439 3826 cf.
1460 3793 1481 3827 c.
1497 3746 1530 3825 26

277 3865 291 3934 ξ
315 3881 340 3932 3,
360 3883 437 3934 quam
456 3867 584 3930 Agroetae
602 3865 679 3914 debet
700 3863 745 3930 (=
764 3864 844 3915 schol.
861 3864 949 3928 Apoll.
967 3863 1017 3914 Rh.
1035 3865 1081 3914 IV.
1101 3861 1188 3929 1396).

363 3972 400 4040 ²⁹)
426 3975 557 4024 Diodorus
574 3973 600 4022 in
618 3973 695 4032 libra,
714 3973 754 4022 cui
772 3973 835 4022 duas
853 3972 907 4020 illas
924 3971 1009 4020 Phrixi
1026 3971 1120 4023 itineris
1138 3973 1355 4038 interpretationes
1373 3973 1457 4034 debet,
1478 3988 1530 4020 non

279 4063 352 4128 plura
369 4064 474 4122 invenit,
496 4078 573 4127 qnam
591 4062 670 4112 schol.
687 4061 811 4127 Apollon.
825 4061 876 4113 Rh.
896 4063 916 4112 l.
936 4061 985 4125 256
1003 4061 1118 4110 servavit.
1151 4061 1219 4111 Nam
1230 4061 1338 4111 Diodori
1350 4063 1426 4110 verba
1445 4060 1530 4112 »ἔνιοι

279 4150 314 4203 δέ
322 4166 408 4221 (paon
424 4149 453 4218 (ξ
467 4150 493 4216 5)
506 4168 559 4200 non
574 4150 752 4210 narrationem,
772 4166 848 4215 quam
859 4149 990 4199 Diodorus
1008 4149 1060 4209 dat,
1083 4149 1214 4210 inducunt,
1234 4149 1279 4199 sed
1297 4149 1410 4214 flagitant
1428 4150 1531 4200 alteram

278 4237 397 4286 mirabilis
424 4238 504 4288 arietis
526 4239 772 4303 interpretationem:
808 4236 915 4309 »Κριὸν
937 4241 1040 4309 Φρίξου
1063 4242 1167 4307 τροφέα
1193 4242 1326 4305 γενέσθαι
1350 4239 1397 4289 καὶ
1422 4252 1529 4306 συμπε-

279 4324 430 4378 niensium
449 4325 525 4394 αὐτῷ
543 4329 583 4384 εἰς
599 4319 752 4392 Κόλχους.«
