3480 5030
780 371 993 433 -34-

254 520 469 583 Christianum
486 518 525 610 G.
540 519 657 599 Heyne
673 531 811 591 secutus,
835 541 939 602 paene
962 531 1067 584 totum
1089 522 1205 584 librum
1225 521 1273 583 IV
1296 543 1340 584 ex
1355 522 1516 602 Dionysio

255 646 403 690 manasse
420 624 601 707 putavitss).
640 622 759 687 Statuit
777 624 858 688 Otto
875 625 1018 700 Sieroka,
1037 648 1080 689 ex
1094 627 1165 707 ipso
1181 626 1317 688 Timaeo
1333 627 1515 688 Diodorum

254 733 430 814 sumpsisse
460 729 531 791 libri
558 729 605 790 IV
638 730 744 810 capita
774 733 877 810 83-8
884 746 899 811 5
929 733 970 794 de
1004 732 1128 812 Eryce,
1159 731 1349 812 Daphnide,
1382 729 1512 803 Orione,

254 839 360 920 capita
383 854 440 916 29,
468 851 507 914 30
529 835 570 896 de
593 833 847 915 ThespiadibuS,
878 838 984 917 capita
1007 853 1135 914 21-24
1157 838 1197 898 de
1219 835 1368 898 Herculis
1391 836 1512 908 itinere,

254 943 341 1025 quod
366 941 517 1022 Geryone
540 940 625 1002 victo
649 960 692 1001 ex
710 940 867 1022 Hispania
890 943 919 1004 in
941 941 1110 1004 Graeciam
1134 940 1216 1004 fecit.
1260 940 1383 1021 Capitis
1405 948 1513 1001 autem

257 1050 296 1129 56
317 1051 337 1128 ξ
361 1046 461 1122 2-6,
491 1044 544 1106 ubi
565 1043 717 1107 Timaeus
741 1045 902 1119 laudatur,
935 1067 999 1109 non
1021 1068 1065 1108 ex
1087 1046 1141 1109 illo
1164 1048 1235 1128 ipso
1257 1047 1426 1122 historice,
1456 1047 1512 1108 sed

255 1175 273 1217 e
295 1153 471 1233 Dionysio,
503 1131 553 1213 cui
575 1151 800 1232 Argonautica
821 1152 970 1226 deberet,
994 1153 1218 1233 transscriptas
1241 1171 1311 1214 esse
1334 1151 1512 1236 censuit42).

256 1260 303 1322 At
339 1259 530 1338 cuicumque
568 1256 726 1336 persuasi,
766 1255 1078 1337 Scytobrachionem
1114 1258 1218 1319 varias
1255 1255 1379 1319 fabulas
1417 1259 1512 1320 docte

255 1383 432 1445 numquam
453 1361 631 1441 collegisse,
654 1382 728 1423 cum
751 1363 819 1423 viro
841 1362 895 1424 illo
919 1363 1016 1424 docto
1040 1383 1104 1423 non
1127 1361 1237 1435 faciet,
1261 1363 1318 1423 sed
1341 1383 1400 1443 pro
1424 1373 1511 1425 certo

255 1469 401 1541 habebit,
433 1467 613 1529 Diodorum
643 1466 748 1547 ipsum
771 1466 956 1540 Timaeum,
993 1488 1090 1548 quem
1120 1467 1148 1529 ei
1178 1468 1209 1528 in
1239 1467 1385 1529 manibus
1415 1466 1511 1531 fuisse

259 1583 395 1648 constat,
419 1573 460 1634 de
482 1571 749 1650 Argonautarum
772 1572 875 1633 reditu
898 1571 1103 1634 consuluisse.

340 1678 438 1759 Quod
461 1686 568 1739 autem
591 1678 633 1737 ad
655 1676 791 1737 reditum
806 1677 955 1739 Herculis
972 1698 1014 1739 ex
1029 1677 1185 1759 Hispania
1200 1678 1322 1752 attinet,
1340 1677 1510 1740 Timaeum

256 1794 420 1848 auctorem
443 1803 513 1845 esse
537 1791 569 1844 et
590 1782 704 1862 capitis
728 1797 764 1842 21
792 1784 812 1861 ξ
835 1782 871 1856 6,
895 1799 932 1863 7,
966 1782 1019 1844 ubi
1051 1781 1157 1845 herois
1181 1779 1449 1863 Gigantomachia
1478 1784 1508 1845 in

256 1889 439 1970 Phlegraeis
477 1888 599 1969 campis
635 1888 809 1948 commissa
844 1895 1004 1960 narratur,
1042 1887 1110 1968 ipse
1143 1887 1307 1950 Diodorus
1345 1887 1437 1962 dicit,
1478 1899 1510 1951 et

255 1996 367 2077 capitis
398 2010 437 2056 22
471 1996 491 2073 ὅ
523 1992 591 2074 54³)
621 1990 702 2053 Otto
725 1990 859 2054 Sieroka
889 2012 920 2073 p.
945 2008 984 2070 23
1017 1992 1099 2054 bene
1131 1992 1379 2068 demonstravit;
1413 2001 1510 2074 atque

252 2102 341 2172 ‚idem
376 2098 574 2170 observavit,
609 2097 722 2177 capitis
753 2113 793 2174 23
823 2100 843 2176 ᾗ
870 2115 881 2157 1
916 2106 948 2159 et
981 2099 1044 2175 §4
1077 2098 1109 2157 in
1138 2096 1261 2159 Siciliae
1295 2098 1510 2179 descriptione

255 2205 309 2284 (V.
336 2221 362 2283 3,
384 2221 405 2280 4
428 2212 461 2265 et
482 2220 512 2279 4,
537 2203 568 2282 2)
592 2201 709 2282 repeti,
745 2204 833 2263 cuius
862 2202 968 2283 capita
996 2202 1103 2283 priora
1133 2223 1176 2264 ex
1199 2201 1333 2264 Timaeo
1364 2222 1510 2265 manasse

256 2308 391 2373 Carolus
425 2305 621 2369 Mullenhofs
653 2307 731 2368 citra
764 2325 894 2368 omnem
927 2308 1160 2369 dubitationem
1194 2308 1301 2388 posuit
1310 2307 1359 2388 44).
1405 2307 1510 2371 Pauca

257 2417 374 2478 addere
403 2433 545 2495 possum.
591 2411 764 2473 Herculem
795 2431 836 2471 ex
859 2411 1015 2492 Hispania
1047 2433 1121 2474 cum
1145 2396 1301 2492 Geryonis
1331 2413 1436 2475 bubus
1465 2435 1510 2476 re-

256 2540 383 2582 versum
406 2521 488 2582 inter
511 2518 669 2579 Misenum
692 2515 742 2576 vel
766 2514 861 2595 Bajas
887 2526 920 2577 et
943 2515 1185 2579 Dicaearchiam
1209 2538 1329 2598 aggere
1352 2529 1509 2599 congesto

256 2627 341 2687 viam
373 2625 517 2686 effecisse
551 2632 586 2685 ut
614 2621 776 2684 Diodorus
809 2641 836 2683 c.
862 2637 901 2698 22
933 2625 995 2701 §2
1030 2632 1153 2696 narrat,
1189 2624 1232 2684 ita
1263 2615 1304 2683 δι’
1337 2623 1511 2706 αἰνίγματος

255 2729 359 2813 φράζει
381 2728 567 2811 Lycophro,
592 2727 645 2806 qui
667 2727 707 2787 de
729 2725 827 2787 Ulixe
850 2723 1066 2788 Cassandram
1090 2726 1165 2789 facit
1186 2730 1429 2791 vaticinantem:

506 2832 620 2895 »Βαίου
641 2827 678 2891 δ’
700 2831 836 2909 ἀμείψας
858 2841 912 2891 τοῦ
934 2833 1118 2914 κυβερνήτου
1140 2831 1238 2915 τάφον

419 2939 479 3018 695
502 2938 551 2997 καὶ
574 2934 743 3018 Κιμμέριον
766 2933 880 2996 ἔπαυλα
903 2938 1100 3020 κάχερουσίαν
1134 3016 1136 3021 Ι

500 3039 639 3124 ῥόχθοιοι
662 3041 865 3119 κυμαίνουσαν
887 3039 1030 3120 οἴδματος
1048 3043 1138 3121 χύσιν

498 3137 617 3210 ’Όσσαν
639 3169 670 3207 τε
694 3146 743 3205 καὶ
766 3145 882 3217 λέοντος
905 3148 1059 3228 ἀτραποὺς
1079 3152 1161 3225 βοῶν

496 3253 616 3330 χωστὰς
641 3248 803 3332 'opperirer
824 3241 854 3310 τ’
880 3251 986 3323 ἄλσος<<
1012 3256 1077 3316 κτλ.

255 3361 422 3422 Timaeum
452 3358 561 3436 igitur,
594 3377 667 3419 cum
699 3365 730 3417 et
752 3356 933 3417 Diodorum
964 3357 1045 3419 haec
1076 3360 1181 3440 capita
1211 3359 1404 3421 scribentem
1434 3368 1508 3421 ante

254 3463 364 3526 oculos
404 3461 553 3524 habuisse
595 3460 676 3523 Otto
714 3459 848 3522 Sieroka
888 3481 952 3522 non
993 3463 1060 3524 sine
1099 3465 1202 3525 causis
1243 3464 1421 3544 suspicatus
1458 3465 1506 3537 sit,

253 3579 286 3632 et
321 3566 574 3649 Lycophronem
617 3566 649 3627 in
691 3566 785 3628 rebus
828 3565 945 3628 Italicis
990 3567 1117 3648 saepius
1162 3568 1345 3631 adhibuisse
1387 3569 1509 3632 scholia

335 3790 372 3856 ⁴¹)
399 3793 527 3842 Deutsche
545 3793 769 3842 Altertumskunde
787 3793 809 3842 1.
830 3807 854 3856 p.
873 3803 931 3852 440,
953 3804 1013 3852 442.

336 3878 373 3947 ⁴¹)
402 3899 425 3930 v.
445 3880 547 3930 Sieroka
564 3881 583 3930 l.
602 3881 620 3928 l.
643 3898 670 3944 p.
693 3893 718 3943 9,
743 3893 782 3942 19,
804 3893 835 3943 23
855 3895 893 3942 sq.

337 3967 374 4034 ⁴³)
401 3968 442 4019 Cf.
460 3969 553 4017 Holzer
570 3985 596 4033 p.
620 3981 659 4031 19,
680 3975 766 4018 notam
787 3981 811 4030 9.
1035 4001 1041 4010 .

336 4055 373 4122 ⁴⁴)
401 4057 529 4107 Deutsehe
554 4056 779 4106 Altertumskunde
806 4057 827 4107 Ι.
854 4055 880 4105 S.
897 4067 1048 4121 439—447,
1079 4057 1171 4121 Capita
1192 4071 1265 4119 1-4‚
1294 4059 1393 4109 collatis
1412 4061 1509 4111 scholio

253 4149 304 4212 Ap.
317 4147 367 4197 Rh.
380 4147 426 4196 IV.
438 4145 497 4208 965,
518 4145 645 4196 Plutarchi
663 4145 695 4194 de
708 4144 868 4193 Timoleonte
886 4160 908 4195 c.
927 4145 951 4203 8,
972 4144 1101 4194 Ciceronis
1119 4146 1146 4193 in
1163 4147 1267 4196 Verrem
1287 4149 1345 4198 libri
1363 4151 1409 4200 IV.
1427 4166 1449 4202 c.
1464 4151 1507 4214 48,

254 4235 318 4298 aliis,
337 4233 435 4283 Timaei
453 4248 506 4282 esse
524 4232 663 4282 luculenter
682 4233 808 4298 probavit,
831 4233 882 4283 eo
902 4250 933 4283 ex
952 4234 1041 4283 eodem
1060 4232 1130 4283 fonte
1148 4235 1255 4299 petitum
1267 4253 1322 4286 esse
1339 4247 1458 4304 apparet3
1477 4240 1508 4288 de

252 4323 334 4388 capite
353 4333 365 4386 5
385 4321 492 4371 dubitari
511 4330 603 4386 potest.
