3438 5028
699 377 907 457 „69-

319 587 323 596 .
380 548 461 602 schol.
477 551 506 600 B·
523 561 582 610 494·
1044 548 1151 601 Diodor.
1171 558 1212 610 67.

75 658 84 695 t
188 674 215 686 ·.
232 632 429 706 ,Ἀλεγήνορος
446 639 575 696 Κλονίος,
822 629 977 707 Ἀλεγήνωρ
997 634 1029 688 δὲ
1048 636 1179 703 Κλονίον,
1266 623 1270 638 .

69 763 84 800 :o
188 731 413 810 ...Ἀρηιλίκου
435 735 611 806 Ἀρκεσίλαος
638 742 684 790 καὶ
713 741 789 812 Προ-
821 733 981 808 Ἀρχίλυκος
1006 736 1038 790 δὲ
1062 733 1251 808 Προθοήνορα
1276 740 1322 789 καὶ
1344 734 1437 806 Ἀρκε-

69 856 95 927 :l

187 823 296 896 θθῆίωρ·
824 828 924 878 σίλαον
935 826 1000 885 τοὺς
1009 825 1057 880 ἐπὶ
1066 832 1171 896 Τροίαν
1179 826 1437 900 στρατευσαμένους

824 910 969 983 ἡγημόνας
985 915 1041 968 τῶν
1061 909 1196 970 ἁπάντων
1214 916 1356 969 Βοιωτῶν.

261 1050 379 1122 Vides,
411 1050 593 1114 Diodorum
615 1059 649 1112 et
670 1048 877 1114 scholiastam
904 1050 1043 1114 eundem
1066 1048 1190 1114 fontem
1217 1052 1436 1134 descripsisse,

186 1158 306 1220 nomina
343 1158 454 1238 igitur,
498 1175 582 1238 quae
617 1155 705 1235 apud
739 1155 878 1219 alterum
913 1155 1097 1231 traduntur,
1143 1177 1186 1219 ex
1226 1157 1328 1220 altero
1366 1177 1437 1220 esse

71 1297 81 1333 3,
185 1262 387 1325 emendanda.

261 1387 385 1451 Ceteris
407 1385 543 1448 Diodori
567 1384 682 1448 fabulis
704 1384 905 1466 perlustratis
928 1387 992 1448 iam
1014 1386 1208 1450 accedamus
1230 1386 1272 1450 ad
1288 1385 1437 1448 Herculis

185 1490 361 1568 historiam,
395 1512 434 1554 ac
462 1491 604 1572 primum
634 1490 765 1570 quidem
794 1491 835 1553 de
865 1492 933 1553 eius
960 1491 1121 1574 parergis,
1158 1510 1241 1571 quae
1271 1500 1437 1565 vocantur,

68 1613 76 1651 ἑ.
185 1618 322 1678 agemus
365 1596 592 1660 Narrationem
607 1605 726 1668 autem,
751 1615 835 1678 quae
857 1597 940 1659 inter
960 1596 1131 1659 duodecim
1148 1597 1294 1660 Herculis
1310 1597 1438 1659 labores

184 1710 215 1765 et
233 1722 370 1783 parerga
392 1702 509 1783 legitur
532 1701 569 1784 (c.
595 1715 645 1780 29,
671 1701 732 1782 30),
756 1701 797 1763 de
819 1700 946 1765 colonia
961 1700 1183 1784 Thespiadum
1205 1701 1237 1764 in
1259 1700 1437 1765 Sardiniam

183 1807 269 1870 Iolao
299 1808 382 1870 duce
409 1807 524 1881 missa,
555 1826 658 1886 neque
681 1807 723 1869 ad
745 1805 987 1888 Apollodorum
1009 1808 1169 1888 respicere
1189 1808 1254 1870 iam
1276 1825 1373 1888 supra
1395 1807 1438 1868 in-

68 1943 75 1955 .
184 1911 366 1985 dicavimus,
391 1932 496 1992 neque
518 1911 560 1973 ad
582 1910 753 1974 Timaeum
775 1913 935 1993 pertinere
952 1910 1087 1975 Carolus
1103 1911 1300 1976 Miillenhoff
1317 1913 1437 1975 statuit.

185 2015 266 2079 Tum
295 2037 373 2079 vero
404 2016 509 2098 capite
543 2032 577 2095 31
613 2016 776 2080 Diodorus
805 2018 927 2098 pergit,
961 2017 1152 2096 Herculem,
1191 2019 1245 2097 qui
1274 2016 1439 2080 laboribus

185 2121 329 2201 perfectis
351 2121 521 2202 Megaram
544 2141 681 2184 uxorem
702 2121 793 2184 Iolao
824 2123 854 2184 in
884 2123 1123 2186 matrimonium
1145 2123 1302 2198 dedisset,
1333 2122 1439 2204 ipsum

185 2225 281 2288 lolam
310 2226 427 2307 Euryti
458 2224 632 2289 Oechaliae
662 2228 746 2308 regis
775 2226 874 2289 filiam
901 2227 1075 2308 cupivisse,
1106 2230 1147 2292 ab
1177 2234 1301 2309 Euryto
1331 2237 1440 2290 autem

186 2351 251 2394 esse
280 2331 460 2412 repulsum,
492 2333 612 2413 quippe
642 2332 696 2413 qui
725 2331 899 2406 timuisset,
930 2353 969 2396 ne
991 2332 1080 2397 lolae
1102 2341 1136 2396 et
1157 2333 1305 2397 Herculis
1334 2332 1441 2395 liberis

188 2435 267 2498 idem
294 2437 514 2517 contingeret,
546 2435 634 2516 quod
655 2436 809 2518 Megarae
839 2435 892 2498 filii
922 2438 1008 2519 passi
1038 2449 1162 2517 essent;
1198 2440 1287 2522 quod
1310 2459 1445 2520 prorsus

188 2543 299 2606 eodem
328 2543 429 2604 modo
460 2540 556 2604 refert
584 2541 808 2622 Apollodorus
838 2562 870 2623 p.
892 2543 933 2622 67
964 2541 984 2605 l.
1019 2557 1159 2624 15-25,
1189 2545 1301 2607 addito
1334 2553 1445 2608 tamen

188 2646 270 2710 claro
303 2648 477 2726 sagittandi
508 2647 699 2722 certamine,
734 2647 824 2710 cuius
859 2647 1037 2729 praemium
1068 2649 1212 2731 Eurytus
1244 2648 1342 2712 filiam
1374 2669 1448 2730 pro·

190 2754 323 2816 miserat.
365 2753 492 2815 Deinde
520 2752 683 2814 Diodorus
710 2753 792 2814 sicut
821 2753 995 2816 scholiasta
1025 2756 1067 2817 ad
1101 2776 1134 2837 φ.
1166 2772 1205 2818 22
1243 2764 1367 2829 narrat,
1405 2753 1447 2816 ab

190 2856 325 2920 Hercule
340 2857 492 2940 lphitum,
514 2858 630 2939 Euryti
646 2855 755 2932 filium,
780 2859 834 2938 qui
856 2878 957 2938 equas
979 2860 1063 2941 patri
1086 2860 1218 2923 abactas
1234 2859 1446 2940 repetivisset,

191 2961 219 3024 in
257 2963 356 3026 altam
395 2973 518 3026 turrem
559 2963 693 3026 ductum
730 2963 837 3026 subito
871 2984 942 3026 esse
976 2965 1147 3027 deiectum.
1203 2963 1302 3045 Quod
1338 2972 1447 3027 autem

191 3066 355 3132 historicus
386 3072 406 3149 ξ
436 3086 458 3146 4
487 3066 600 3141 refert,
633 3069 789 3149 reperitur
821 3069 852 3130 in
886 3067 1016 3131 Aeliani
1050 3069 1210 3132 variarum
1243 3068 1449 3132 historiarum

183 3171 210 3234 vl.
229 3172 286 3236 IV.
311 3189 346 3253 5,
381 3175 435 3254 qui
465 3173 563 3236 etiam
594 3171 690 3236 finem
720 3173 872 3236 historiae
900 3174 1090 3238 aDiodoro
1121 3175 1276 3237 omissum
1299 3175 1448 3237 servavit.

192 3275 362 3359 Postquam
385 3279 502 3341 frustra
524 3277 732 3360 Deiphobus,
764 3277 939 3359 Hippolyti
961 3278 1060 3354 filius,
1092 3279 1267 3342 Herculem
1290 3279 1331 3342 ab
1353 3279 1449 3360 Iphiti

193 3387 341 3466 sanguine
364 3379 576 3466 purgavisset,
599 3384 733 3446 heroem
756 3382 893 3466 Delphis
916 3385 1106 3466 Apollinem
1129 3384 1326 3447 consuluisse
1349 3386 1448 3447 etiam

193 3487 411 3569 Apollodorus
438 3511 469 3571 p.
493 3490 534 3552 68
566 3490 585 3552 l.
609 3490 630 3551 6
652 3499 685 3566 et
707 3489 865 3551 scholium
881 3489 919 3554 E.
946 3507 1004 3570 392
1028 3490 1060 3553 D
1083 3490 1298 3554 bibliothecae
1321 3491 1449 3571 propin·

194 3611 289 3672 quum
321 3595 485 3658 exhibent.
530 3594 656 3656 Deinde
689 3595 731 3657 ab
765 3594 905 3657 Hercule
940 3594 1124 3677 Omphalae
1158 3616 1252 3659 servo
1284 3594 1450 3675 Cecropes

194 3699 312 3763 vinctos
350 3709 384 3763 et
412 3699 547 3782 Syleum
576 3699 777 3762 interfectum
807 3719 879 3762 esse
909 3698 1074 3763 Diodorus
1099 3701 1309 3782 Apollodoro
1340 3700 1384 3783 (p.
1407 3699 1449 3762 68

195 3800 214 3864 l.
238 3820 276 3866 20
296 3805 380 3886 sqq.)
403 3805 548 3868 similiter
570 3814 685 3873 narrat.
1075 3811 1077 3820 '

276 3909 382 3993 Caput
399 3927 438 3990 32
453 3911 634 3973 adcuratius
657 3910 923 3990 contemplemur,
945 3929 1019 3971 cum
1040 3910 1203 3989 praeclare
1226 3930 1270 3972 ex
1292 3931 1332 3972 eo
1356 3910 1451 3972 liceat

197 4011 430 4090 demonstrare,
465 4036 530 4096 qua
563 4017 697 4079 audacia
726 4016 891 4078 Diodorus
924 4015 1030 4078 varios
1063 4013 1169 4078 fontes
1201 4015 1450 4078 commiscuerit.

199 4116 247 4180 Ae
267 4124 404 4202 primum
428 4123 559 4204 quidem
582 4121 645 4184 hoc
666 4117 772 4203 capite
795 4141 869 4185 cum
884 4119 1082 4183 bibliotheca
1097 4130 1288 4202 comparato
1305 4122 1452 4202 adparet,

198 4222 370 4291 Diodorum
400 4228 498 4290 etiam
526 4227 579 4290 hic
609 4227 698 4290 fonte
728 4228 783 4291 illo
814 4225 1088 4308 mythographico
1118 4247 1212 4289 usum
1243 4246 1331 4300 esse,
1361 4225 1453 4288 cuius

200 4332 326 4415 vestigia
369 4335 462 4416 plura
506 4336 593 4414 apud
629 4323 872 4416 Apollodorum
917 4333 1148 4412 indagavimus.
1208 4331 1338 4394 Narrat'
1364 4331 1451 4393 enim
