3480 5030
642 434 966 498 ,ηὸ-

325 587 414 652 Sicut
436 589 607 652 scholiasta
626 589 666 650 ad
683 589 895 670 Apollonium
916 588 971 650 Ill.
996 603 1066 660 200,
1091 589 1143 665 qui
1159 586 1350 666 Dionysium
1370 585 1489 661 laudat,

239 694 403 756 Diodorus
424 715 450 757 c.
472 709 512 774 45
538 693 648 767 refert,
673 693 828 768 Aeetam,
852 693 936 756 Solis
958 693 1071 766 filium,
1096 691 1290 754 Colchorum
1314 711 1488 772 regemex
1557 731 1561 742 »

239 799 377 872 Hecata,
408 797 513 862 fratris
541 799 587 860 sui
617 797 696 873 filia,
728 798 794 862 fera
816 799 976 860 venatrice
1006 805 1038 859 et
1067 796 1187 858 crudeli
1217 795 1373 871 venefica,
1406 816 1487 876 quae

239 901 389 964 Perseum
422 912 569 988 patrem,
602 902 783 965 Taurorum
817 923 942 984 regem,
982 902 1112 964 venenis
1147 901 1371 979 interfecisset,
1407 900 1489 963 filias

238 1027 425 1084 procreasse
441 1006 553 1069 Circen
570 1017 602 1069 et
619 1007 777 1081 Medeam,
802 1029 936 1089 quarum
951 1006 1042 1069 Circe
1064 1007 1194 1068 venenis
1216 1007 1365 1087 parandis
1385 1007 1487 1085 ipsam

239 1119 373 1172 matrem
397 1113 555 1173 anteisset.
605 1110 685 1173 Cum
709 1113 843 1174 Diodori
866 1134 892 1175 c.
911 1112 954 1189 46
977 1114 997 1190 ξ
1023 1129 1034 1172 1
1061 1111 1195 1187 Hecata,
1218 1111 1353 1172 Medeae
1376 1120 1487 1183 mater,

239 1213 363 1277 Aeetae
386 1216 502 1277 coniux
525 1215 705 1297 appelletur
726 1218 807 1280 sicut
829 1218 870 1279 ab
893 1237 956 1279 uno
972 1217 1131 1295 Dionysio
1153 1220 1193 1296 (v.
1214 1215 1314 1277 schol.
1332 1215 1486 1295 Apollon.

238 1318 299 1380 Rh.
323 1318 377 1381 ΙΙΙ.
408 1323 498 1400 242),
529 1321 625 1383 etiam
659 1321 721 1384 hoc
755 1323 795 1384 ad
819 1321 1129 1402 Scytobrachionem
1163 1321 1321 1400 pertinere
1353 1329 1488 1400 apparet

237 1432 334 1502 atque
349 1426 553 1486 statuendum
570 1434 628 1502 est,
652 1427 844 1506 Dionysium
860 1446 1013 1498 narrasse,
1035 1425 1196 1487 crudelem
1212 1425 1379 1497 Hecatam,
1405 1445 1488 1506 quae

237 1538 331 1590 antea
347 1529 528 1592 Taurorum
548 1531 658 1611 regina
680 1550 793 1592 omnes
815 1529 959 1611 hospites
981 1529 1113 1592 mactari
1136 1529 1278 1591 iussisset
1295 1531 1334 1611 (v.
1352 1530 1486 1592 Diodor.

235 1647 274 1712 45
301 1637 320 1713 ᾗ
337 1651 355 1695 2
377 1634 417 1700 cf.
434 1653 476 1712 44
499 1638 518 1713 ξ
535 1651 553 1714 7
578 1635 607 1697 in
623 1635 728 1697 media
744 1637 932 1708 narratione,
955 1655 1037 1716 quae
1053 1644 1138 1697 certe
1154 1655 1197 1696 ex
1213 1633 1488 1715 Scytobrachione

236 1738 339 1820 fluxit)
362 1739 458 1801 etiam
476 1739 600 1802 Aeetae
624 1740 828 1820 persuasisse,
852 1750 887 1802 ut
909 1759 1022 1802 omnes
1045 1739 1197 1820 hospites,
1221 1740 1273 1818 qui
1290 1741 1330 1802 ad
1347 1739 1489 1802 Colchos

236 1844 387 1918 uenirent,
412 1854 555 1921 necaret;
579 1845 728 1907 Medeam
752 1854 860 1908 autem
882 1846 1028 1926 quamvis
1048 1845 1203 1908 malarum
1218 1846 1333 1907 artium
1349 1848 1486 1926 peritam

235 1958 343 2010 tamen
371 1949 498 2023 mitem,
530 1971 603 2013 cum
632 1951 820 2026 studuisset,
852 1961 887 2015 ut
915 1952 1080 2032 hospitum
1107 1951 1188 2012 vitas
1215 1958 1374 2025 servaret,
1404 1951 1487 2030 patri

234 2063 417 2134 suspectam
439 2054 599 2137 aufugisse
622 2057 652 2118 in
676 2055 760 2119 Solis
782 2059 940 2139 templum
963 2058 1005 2120 ad
1027 2077 1114 2118 mare
1137 2057 1250 2128 situm,
1274 2055 1379 2137 ibique
1402 2065 1487 2137 post-

236 2180 332 2240 quam
356 2181 429 2222 cum
452 2160 667 2242 Argonautis,
699 2163 752 2242 qui
782 2172 850 2224 tum
881 2164 1036 2244 temporis
1066 2163 1285 2236 advenissent,
1315 2163 1487 2224 communi-

235 2265 388 2340 cavisset,
419 2266 563 2348 hospites
593 2288 612 2329 a
640 2276 731 2348 patre
752 2269 918 2343 trucidari,
952 2268 1081 2331 foedere
1103 2288 1176 2331 cum
1198 2267 1313 2329 Iasone
1335 2267 1488 2329 concluso

235 2370 444 2453 Argonautas
488 2369 529 2434 ad
569 2394 699 2435 aureum
736 2374 838 2436 vellus
874 2376 1012 2438 duxisse.
1074 2371 1150 2454 Quo
1193 2392 1346 2435 concesso
1391 2391 1487 2433 nemo

235 2477 393 2540 dubitabit
422 2481 518 2544 etiam
549 2480 661 2561 capitis
683 2495 727 2557 40
755 2483 814 2560 §4
844 2481 1002 2561 Dionysio
1032 2480 1186 2552 tribuere,
1220 2478 1273 2540 ubi
1307 2480 1486 2558 exponitur,

235 2583 474 2663 expeditionem
497 2587 527 2648 in
549 2585 689 2649 Colchos
712 2587 752 2648 ad
775 2607 906 2649 aureum
917 2586 1030 2648 ivellus
1059 2585 1287 2667 reportandum
1316 2593 1489 2674 propterea

235 2689 390 2770 imprimis
414 2690 509 2754 fuisse
532 2691 770 2774 perdifficilem,
800 2693 889 2774 quod
918 2701 987 2754 tum
1017 2691 1073 2754 feri
1096 2690 1222 2754 barbari
1244 2690 1328 2772 circa
1350 2689 1486 2751 Pontum

235 2793 415 2858 habitantes
443 2797 588 2880 hospites
616 2797 793 2861 interficere
815 2799 899 2861 soliti
922 2806 1037 2860 essent.
1082 2797 1171 2859 Idem
1200 2816 1277 2858 vero
1306 2794 1488 2868 ’ξενοκτονίας

235 2902 322 2982 apud
346 2900 487 2966 Colchos
509 2925 582 2966 mos
605 2914 878 2967 commemoratur
900 2903 1013 2985 capitis
1034 2918 1075 2984 47
1100 2905 1119 2980 ξ
1145 2916 1171 2981 5.
1216 2901 1370 2963 Narratur
1392 2901 1485 2968 eninr,

236 3006 360 3084 Crium,
392 3010 500 3073 Phrixi
530 3011 775 3091 paedagogum,
806 3010 865 3072 diis
895 3031 966 3072 esse
993 3009 1194 3071 immolatum
1216 3009 1347 3086 eiusque
1369 3005 1486 3086 pellem

234 3114 345 3195 templi
379 3116 491 3194 parieti
525 3097 662 3178 affixam
692 3137 761 3178 esse
796 3115 891 3175 »κατά
919 3137 948 3176 τι
979 3114 1142 3194 volcmar«,
1175 3113 1262 3192 quod
1294 3112 1378 3174 aliud
1412 3110 1485 3173 nihil

234 3239 305 3281 esse
336 3239 432 3300 posse
463 3219 567 3283 elucet
596 3221 654 3282 nisi
690 3221 744 3282 lex
774 3221 917 3302 hospites
948 3220 1117 3283 mactandi.
1160 3219 1261 3279 Recte
1291 3225 1398 3278 autem
1428 3236 1488 3277 nos

235 3325 318 3388 hunc
348 3325 455 3387 locum
489 3327 532 3388 ad
560 3327 753 3407 Dionysium
784 3326 929 3390 retulisse
965 3325 1082 3407 probat
1110 3322 1264 3405 Apolloni
1303 3321 1484 3397 scholiasta,

235 3431 288 3511 qui
327 3432 414 3512 apud
452 3431 539 3494 illum
576 3433 765 3514 scriptorem
804 3432 911 3494 Phrixi
948 3431 1079 3494 arietem
1111 3451 1176 3492 non
1213 3429 1343 3491 arietem
1383 3426 1487 3501 fuisse,

234 3538 291 3600 sed
313 3539 542 3620 paedagogum
568 3537 712 3601 »Crium«
741 3539 939 3601 nominatum
963 3535 1073 3620 (schol.
1089 3535 1245 3619 Apollon.
1261 3534 1322 3596 Rh.
1338 3533 1377 3595 Il.
1399 3550 1488 3610 1144,

234 3642 257 3705 l.
275 3644 346 3723 256,
363 3643 421 3706 lV.
442 3661 509 3724 119,
533 3646 601 3726 177)
622 3654 765 3707 testatur.
808 3641 906 3724 Quod
921 3652 1029 3706 autem
1044 3641 1188 3713 Phrixus,
1209 3640 1355 3721 quamvis
1375 3649 1487 3719 captus

234 3748 363 3830 hospes,
377 3760 495 3825 tamen,
508 3770 580 3812 cum
590 3749 785 3831 Scytharum
794 3771 861 3824 rex,
873 3750 999 3812 Aeetae
1007 3768 1115 3830 gener,
1128 3767 1201 3808 eum
1211 3745 1414 3818 adamaverit,
1426 3763 1488 3805 non

234 3854 418 3917 immolatus
441 3865 498 3930 est,
523 3856 633 3918 itidem
655 3858 697 3919 ad
713 3855 1024 3937 Scytobrachionem
1046 3853 1206 3934 pertinere
1227 3871 1300 3914 cum
1323 3857 1487 3931 appareat,

233 3959 284 4022 vel
307 3982 333 4023 c.
348 3977 389 4042 45
415 3965 470 4040 §4
491 3963 615 4026 initium
638 3983 681 4026 ex
697 3983 736 4024 eo
753 3982 900 4025 manasse
917 3961 1068 4040 sequitur,
1092 3958 1145 4020 ubi
1161 3955 1274 4019 Circen
1293 3954 1487 4035 Scytharum

233 4067 299 4147 regi
331 4069 361 4128 in
392 4069 629 4131 matrimonium
653 4070 763 4131 datam
790 4089 860 4132 esse
883 4068 1007 4149 legitur.
1053 4064 1243 4127 Necessario
1266 4071 1374 4157 autem
1396 4081 1423 4122 c.
1445 4074 1487 4140 47

233 4173 330 4235 etiam
358 4176 377 4252 ἓ
399 4174 420 4235 6
442 4169 601 4256 Dionysio
623 4176 867 4239 adscribendam
890 4194 960 4236 esse
984 4189 1079 4233 nemo
1102 4178 1215 4251 neget:
1250 4167 1372 4230 Aeetes
1393 4166 1487 4239 enim,

233 4299 307 4342 cum
331 4279 359 4341 ei
382 4281 546 4344 oraculum
570 4283 681 4344 datum
703 4284 759 4356 sit,
794 4282 880 4344 diem
909 4297 1096 4361 supremum
1124 4296 1197 4337 eum
1227 4293 1297 4337 esse
1327 4271 1487 4334 obiturum

235 4385 297 4450 Crii
331 4386 415 4468 pelle
449 4387 490 4448 ab
523 4386 703 4469 hospitibus
734 4397 843 4471 rapt0,
881 4385 999 4469 pellem
1033 4384 1100 4445 eius
1133 4401 1211 4444 auro
1244 4377 1354 4458 obtegi
1389 4376 1485 4445 etin
