<?xml version="1.0" encoding="UTF-8"?>
<!DOCTYPE html PUBLIC "-//W3C//DTD XHTML 1.0 Transitional//EN"
    "http://www.w3.org/TR/xhtml1/DTD/xhtml1-transitional.dtd">
<html xmlns="http://www.w3.org/1999/xhtml" xml:lang="en" lang="en">
 <head>
  <title>
</title>
<meta http-equiv="Content-Type" content="text/html;charset=utf-8" />
  <meta name='ocr-system' content='tesseract 3.04.00' />
  <meta name='ocr-capabilities' content='ocr_page ocr_carea ocr_par ocr_line ocrx_word'/>
</head>
<body>
  <div class='ocr_page' id='page_1' title='image "./quaestionesdiod01bethgoog_0094.png"; bbox 0 0 3438 5028; ppageno 0'>
   <div class='ocr_carea' id='block_1_1' title="bbox 761 397 971 475">
    <p class='ocr_par' dir='ltr' id='par_1_1' title="bbox 761 397 971 475">
     <span class='ocr_line' id='line_1_1' title="bbox 761 397 971 475; baseline 0.005 -34"><span class='ocrx_word' id='word_1_1' title='bbox 761 397 971 475; x_wconf 71' lang='grc'>--89-</span> 
     </span>
    </p>
   </div>
   <div class='ocr_carea' id='block_1_2' title="bbox 237 564 1500 1783">
    <p class='ocr_par' dir='ltr' id='par_1_2' title="bbox 237 564 1500 1783">
     <span class='ocr_line' id='line_1_2' title="bbox 240 564 1496 646; baseline -0.002 -20"><span class='ocrx_word' id='word_1_2' title='bbox 240 567 339 626; x_wconf 92' lang='lat' dir='ltr'>dorus</span> <span class='ocrx_word' id='word_1_3' title='bbox 369 585 433 626; x_wconf 94' lang='lat' dir='ltr'>non</span> <span class='ocrx_word' id='word_1_4' title='bbox 464 565 562 626; x_wconf 89' lang='lat' dir='ltr'>modo</span> <span class='ocrx_word' id='word_1_5' title='bbox 585 564 741 646; x_wconf 86' lang='lat' dir='ltr'>Apolloni</span> <span class='ocrx_word' id='word_1_6' title='bbox 770 585 896 639; x_wconf 91' lang='lat' dir='ltr'>nomen,</span> <span class='ocrx_word' id='word_1_7' title='bbox 921 584 994 627; x_wconf 91' lang='lat' dir='ltr'>cum</span> <span class='ocrx_word' id='word_1_8' title='bbox 1017 567 1230 628; x_wconf 85' lang='lat' dir='ltr'>narrationem</span> <span class='ocrx_word' id='word_1_9' title='bbox 1252 564 1373 626; x_wconf 91' lang='lat' dir='ltr'>Iasonis</span> <span class='ocrx_word' id='word_1_10' title='bbox 1401 585 1496 645; x_wconf 89' lang='lat' dir='ltr'>expe·</span> 
     </span>
     <span class='ocr_line' id='line_1_3' title="bbox 237 668 1495 758; baseline 0 -28"><span class='ocrx_word' id='word_1_11' title='bbox 237 669 365 758; x_wconf 81' lang='lat' dir='ltr'>ditionis</span> <span class='ocrx_word' id='word_1_12' title='bbox 388 670 512 750; x_wconf 88' lang='lat' dir='ltr'>incipit,</span> <span class='ocrx_word' id='word_1_13' title='bbox 544 691 608 730; x_wconf 93' lang='lat' dir='ltr'>non</span> <span class='ocrx_word' id='word_1_14' title='bbox 630 668 768 750; x_wconf 85' lang='lat' dir='ltr'>profert,</span> <span class='ocrx_word' id='word_1_15' title='bbox 793 672 850 732; x_wconf 91' lang='lat' dir='ltr'>sed</span> <span class='ocrx_word' id='word_1_16' title='bbox 873 671 970 732; x_wconf 90' lang='lat' dir='ltr'>etiam</span> <span class='ocrx_word' id='word_1_17' title='bbox 991 691 1022 752; x_wconf 92' lang='lat' dir='ltr'>p.</span> <span class='ocrx_word' id='word_1_18' title='bbox 1046 688 1080 750; x_wconf 86' lang='lat'>31</span> <span class='ocrx_word' id='word_1_19' title='bbox 1107 671 1126 733; x_wconf 93' lang='lat' dir='ltr'>l.</span> <span class='ocrx_word' id='word_1_20' title='bbox 1154 687 1190 732; x_wconf 92' lang='lat'>12</span> <span class='ocrx_word' id='word_1_21' title='bbox 1216 671 1257 731; x_wconf 93' lang='lat' dir='ltr'>de</span> <span class='ocrx_word' id='word_1_22' title='bbox 1278 669 1495 750; x_wconf 90' lang='lat' dir='ltr'>Harpyiarum</span> 
     </span>
     <span class='ocr_line' id='line_1_4' title="bbox 238 773 1496 856; baseline -0.001 -21"><span class='ocrx_word' id='word_1_23' title='bbox 238 773 314 854; x_wconf 85' lang='lat' dir='ltr'>fuga</span> <span class='ocrx_word' id='word_1_24' title='bbox 339 775 406 836; x_wconf 90' lang='lat' dir='ltr'>eius</span> <span class='ocrx_word' id='word_1_25' title='bbox 436 776 659 837; x_wconf 90' lang='lat' dir='ltr'>auctoritatem</span> <span class='ocrx_word' id='word_1_26' title='bbox 682 773 790 848; x_wconf 79' lang='lat' dir='ltr'>affert,</span> <span class='ocrx_word' id='word_1_27' title='bbox 822 776 912 856; x_wconf 92' lang='lat' dir='ltr'>quasi</span> <span class='ocrx_word' id='word_1_28' title='bbox 943 777 984 837; x_wconf 96' lang='lat' dir='ltr'>ad</span> <span class='ocrx_word' id='word_1_29' title='bbox 1014 796 1087 837; x_wconf 90' lang='lat' dir='ltr'>eum</span> <span class='ocrx_word' id='word_1_30' title='bbox 1118 777 1248 838; x_wconf 93' lang='lat' dir='ltr'>omnino</span> <span class='ocrx_word' id='word_1_31' title='bbox 1271 773 1347 836; x_wconf 93' lang='lat' dir='ltr'>nihil</span> <span class='ocrx_word' id='word_1_32' title='bbox 1369 782 1496 855; x_wconf 88' lang='lat' dir='ltr'>praeter</span> 
     </span>
     <span class='ocr_line' id='line_1_5' title="bbox 238 877 1497 961; baseline -0.001 -21"><span class='ocrx_word' id='word_1_33' title='bbox 238 879 325 941; x_wconf 90' lang='lat' dir='ltr'>illam</span> <span class='ocrx_word' id='word_1_34' title='bbox 346 880 586 942; x_wconf 82' lang='lat' dir='ltr'>adnotationem</span> <span class='ocrx_word' id='word_1_35' title='bbox 610 880 777 961; x_wconf 85' lang='lat' dir='ltr'>pertineat.</span> <span class='ocrx_word' id='word_1_36' title='bbox 812 880 909 942; x_wconf 85' lang='lat' dir='ltr'>Adde</span> <span class='ocrx_word' id='word_1_37' title='bbox 929 881 1025 942; x_wconf 87' lang='lat' dir='ltr'>haec:</span> <span class='ocrx_word' id='word_1_38' title='bbox 1049 881 1186 942; x_wconf 93' lang='lat' dir='ltr'>Duobus</span> <span class='ocrx_word' id='word_1_39' title='bbox 1202 879 1280 941; x_wconf 91' lang='lat' dir='ltr'>locis</span> <span class='ocrx_word' id='word_1_40' title='bbox 1303 877 1497 959; x_wconf 89' lang='lat' dir='ltr'>Apollonius</span> 
     </span>
     <span class='ocr_line' id='line_1_6' title="bbox 239 980 1498 1065; baseline -0.001 -21"><span class='ocrx_word' id='word_1_41' title='bbox 239 983 385 1046; x_wconf 89' lang='lat' dir='ltr'>Rhodius</span> <span class='ocrx_word' id='word_1_42' title='bbox 414 983 491 1047; x_wconf 91' lang='lat' dir='ltr'>latet</span> <span class='ocrx_word' id='word_1_43' title='bbox 521 985 581 1047; x_wconf 93' lang='lat' dir='ltr'>sub</span> <span class='ocrx_word' id='word_1_44' title='bbox 611 985 715 1047; x_wconf 93' lang='lat' dir='ltr'>verbis</span> <span class='ocrx_word' id='word_1_45' title='bbox 739 984 948 1065; x_wconf 88' lang='lat' dir='ltr'>Apollodori:</span> <span class='ocrx_word' id='word_1_46' title='bbox 983 983 1027 1044; x_wconf 79' lang='grc' dir='ltr'>»οἱ</span> <span class='ocrx_word' id='word_1_47' title='bbox 1054 984 1125 1064; x_wconf 69' lang='lat' dir='ltr'>piu</span> <span class='ocrx_word' id='word_1_48' title='bbox 1160 994 1214 1047; x_wconf 91' lang='lat' dir='ltr'>aut</span> <span class='ocrx_word' id='word_1_49' title='bbox 1238 980 1364 1044; x_wconf 72' lang='lat' dir='ltr'>»i‘vruuz</span> <span class='ocrx_word' id='word_1_50' title='bbox 1396 1003 1426 1063; x_wconf 89' lang='lat' dir='ltr'>p.</span> <span class='ocrx_word' id='word_1_51' title='bbox 1457 997 1498 1060; x_wconf 89' lang='lat'>30</span> 
     </span>
     <span class='ocr_line' id='line_1_7' title="bbox 240 1087 1497 1172; baseline 0 -23"><span class='ocrx_word' id='word_1_52' title='bbox 240 1088 260 1152; x_wconf 94' lang='lat' dir='ltr'>l.</span> <span class='ocrx_word' id='word_1_53' title='bbox 291 1107 336 1165; x_wconf 79' lang='lat'>14,</span> <span class='ocrx_word' id='word_1_54' title='bbox 364 1104 398 1168; x_wconf 84' lang='lat'>15</span> <span class='ocrx_word' id='word_1_55' title='bbox 424 1119 466 1142; x_wconf 90' lang='lat'><strong><em>=</em></strong></span> <span class='ocrx_word' id='word_1_56' title='bbox 488 1090 553 1172; x_wconf 88' lang='lat' dir='ltr'>Ap.</span> <span class='ocrx_word' id='word_1_57' title='bbox 582 1090 644 1152; x_wconf 92' lang='lat' dir='ltr'>Rh.</span> <span class='ocrx_word' id='word_1_58' title='bbox 668 1089 725 1152; x_wconf 85' lang='lat' dir='ltr'>IV.</span> <span class='ocrx_word' id='word_1_59' title='bbox 749 1090 824 1166; x_wconf 81' lang='lat'>1641</span> <span class='ocrx_word' id='word_1_60' title='bbox 851 1110 915 1170; x_wconf 92' lang='lat' dir='ltr'>sq.‚</span> <span class='ocrx_word' id='word_1_61' title='bbox 952 1090 1109 1172; x_wconf 74' lang='lat'>1669109).</span> <span class='ocrx_word' id='word_1_62' title='bbox 1154 1090 1267 1170; x_wconf 87' lang='lat' dir='ltr'>Itaque</span> <span class='ocrx_word' id='word_1_63' title='bbox 1294 1088 1335 1149; x_wconf 94' lang='lat' dir='ltr'>de</span> <span class='ocrx_word' id='word_1_64' title='bbox 1363 1087 1497 1168; x_wconf 92' lang='lat' dir='ltr'>Apollo·</span> 
     </span>
     <span class='ocr_line' id='line_1_8' title="bbox 239 1195 1497 1277; baseline 0.002 -21"><span class='ocrx_word' id='word_1_65' title='bbox 239 1196 319 1256; x_wconf 89' lang='lat' dir='ltr'>doro</span> <span class='ocrx_word' id='word_1_66' title='bbox 343 1195 499 1276; x_wconf 88' lang='lat' dir='ltr'>Apolloni</span> <span class='ocrx_word' id='word_1_67' title='bbox 522 1195 650 1263; x_wconf 89' lang='lat' dir='ltr'>scholiis</span> <span class='ocrx_word' id='word_1_68' title='bbox 673 1215 731 1256; x_wconf 94' lang='lat' dir='ltr'>uso</span> <span class='ocrx_word' id='word_1_69' title='bbox 767 1195 852 1256; x_wconf 89' lang='lat' dir='ltr'>idem</span> <span class='ocrx_word' id='word_1_70' title='bbox 875 1195 1070 1274; x_wconf 85' lang='lat' dir='ltr'>accipiamus</span> <span class='ocrx_word' id='word_1_71' title='bbox 1093 1216 1224 1257; x_wconf 91' lang='lat' dir='ltr'>necesse</span> <span class='ocrx_word' id='word_1_72' title='bbox 1247 1206 1309 1271; x_wconf 86' lang='lat' dir='ltr'>est,</span> <span class='ocrx_word' id='word_1_73' title='bbox 1342 1198 1430 1277; x_wconf 93' lang='lat' dir='ltr'>quod</span> <span class='ocrx_word' id='word_1_74' title='bbox 1458 1199 1497 1259; x_wconf 91' lang='lat' dir='ltr'>de</span> 
     </span>
     <span class='ocr_line' id='line_1_9' title="bbox 240 1298 1498 1383; baseline 0.002 -23"><span class='ocrx_word' id='word_1_75' title='bbox 240 1299 373 1380; x_wconf 87' lang='lat' dir='ltr'>Hygino</span> <span class='ocrx_word' id='word_1_76' title='bbox 397 1301 465 1381; x_wconf 90' lang='lat' dir='ltr'>ipse</span> <span class='ocrx_word' id='word_1_77' title='bbox 488 1301 659 1363; x_wconf 89' lang='lat' dir='ltr'>Eduardus</span> <span class='ocrx_word' id='word_1_78' title='bbox 677 1298 840 1361; x_wconf 85' lang='lat' dir='ltr'>Schwartz</span> <span class='ocrx_word' id='word_1_79' title='bbox 863 1300 1154 1380; x_wconf 82' lang='lat' dir='ltr'>pronuntiavit110),</span> <span class='ocrx_word' id='word_1_80' title='bbox 1179 1310 1275 1383; x_wconf 90' lang='lat' dir='ltr'>atque</span> <span class='ocrx_word' id='word_1_81' title='bbox 1293 1303 1498 1364; x_wconf 91' lang='lat' dir='ltr'>statuendum</span> 
     </span>
     <span class='ocr_line' id='line_1_10' title="bbox 239 1405 1498 1488; baseline 0.002 -22"><span class='ocrx_word' id='word_1_82' title='bbox 239 1415 309 1480; x_wconf 89' lang='lat' dir='ltr'>est,</span> <span class='ocrx_word' id='word_1_83' title='bbox 354 1405 568 1468; x_wconf 87' lang='lat' dir='ltr'>bibliothecae</span> <span class='ocrx_word' id='word_1_84' title='bbox 609 1414 773 1467; x_wconf 86' lang='lat' dir='ltr'>auctorem</span> <span class='ocrx_word' id='word_1_85' title='bbox 807 1405 1027 1485; x_wconf 89' lang='lat' dir='ltr'>Argonautica</span> <span class='ocrx_word' id='word_1_86' title='bbox 1062 1425 1079 1465; x_wconf 93' lang='lat' dir='ltr'>e</span> <span class='ocrx_word' id='word_1_87' title='bbox 1123 1408 1316 1485; x_wconf 88' lang='lat' dir='ltr'>compendio</span> <span class='ocrx_word' id='word_1_88' title='bbox 1353 1408 1498 1488; x_wconf 90' lang='lat' dir='ltr'>quodam</span> 
     </span>
     <span class='ocr_line' id='line_1_11' title="bbox 239 1500 1500 1593; baseline 0.001 -22"><span class='ocrx_word' id='word_1_89' title='bbox 239 1500 462 1593; x_wconf 80' lang='lat' dir='ltr'>descripsisse,</span> <span class='ocrx_word' id='word_1_90' title='bbox 508 1511 539 1571; x_wconf 94' lang='lat' dir='ltr'>in</span> <span class='ocrx_word' id='word_1_91' title='bbox 574 1530 639 1589; x_wconf 89' lang='lat' dir='ltr'>quo</span> <span class='ocrx_word' id='word_1_92' title='bbox 668 1509 825 1591; x_wconf 90' lang='lat' dir='ltr'>Apolloni</span> <span class='ocrx_word' id='word_1_93' title='bbox 864 1509 972 1571; x_wconf 91' lang='lat' dir='ltr'>Rhodi</span> <span class='ocrx_word' id='word_1_94' title='bbox 1003 1520 1227 1589; x_wconf 87' lang='lat' dir='ltr'>argumentum</span> <span class='ocrx_word' id='word_1_95' title='bbox 1262 1511 1397 1573; x_wconf 88' lang='lat' dir='ltr'>relatum</span> <span class='ocrx_word' id='word_1_96' title='bbox 1431 1521 1500 1573; x_wconf 92' lang='lat' dir='ltr'>erat</span> 
     </span>
     <span class='ocr_line' id='line_1_12' title="bbox 240 1613 1498 1695; baseline 0 -19"><span class='ocrx_word' id='word_1_97' title='bbox 240 1616 354 1677; x_wconf 88' lang='lat' dir='ltr'>additis</span> <span class='ocrx_word' id='word_1_98' title='bbox 384 1614 561 1678; x_wconf 81' lang='lat' dir='ltr'>fabularum</span> <span class='ocrx_word' id='word_1_99' title='bbox 597 1615 816 1695; x_wconf 88' lang='lat' dir='ltr'>discrepantiis</span> <span class='ocrx_word' id='word_1_100' title='bbox 846 1623 944 1692; x_wconf 90' lang='lat' dir='ltr'>atque</span> <span class='ocrx_word' id='word_1_101' title='bbox 979 1634 1053 1675; x_wconf 92' lang='lat' dir='ltr'>cum</span> <span class='ocrx_word' id='word_1_102' title='bbox 1084 1613 1138 1676; x_wconf 93' lang='lat' dir='ltr'>illo</span> <span class='ocrx_word' id='word_1_103' title='bbox 1172 1614 1308 1677; x_wconf 91' lang='lat' dir='ltr'>Medeae</span> <span class='ocrx_word' id='word_1_104' title='bbox 1341 1626 1374 1677; x_wconf 88' lang='lat' dir='ltr'>et</span> <span class='ocrx_word' id='word_1_105' title='bbox 1410 1616 1498 1678; x_wconf 87' lang='lat' dir='ltr'>Medi</span> 
     </span>
     <span class='ocr_line' id='line_1_13' title="bbox 239 1718 772 1783; baseline 0 -2"><span class='ocrx_word' id='word_1_106' title='bbox 239 1718 293 1781; x_wconf 90' lang='lat' dir='ltr'>filii</span> <span class='ocrx_word' id='word_1_107' title='bbox 316 1719 442 1783; x_wconf 89' lang='lat' dir='ltr'>sabulae</span> <span class='ocrx_word' id='word_1_108' title='bbox 465 1729 554 1782; x_wconf 92' lang='lat' dir='ltr'>erant</span> <span class='ocrx_word' id='word_1_109' title='bbox 576 1720 772 1781; x_wconf 89' lang='lat' dir='ltr'>coniunctae.</span> 
     </span>
    </p>
   </div>
   <div class='ocr_carea' id='block_1_3' title="bbox 240 1841 1531 3706">
    <p class='ocr_par' dir='ltr' id='par_1_3' title="bbox 240 1841 1531 3706">
     <span class='ocr_line' id='line_1_14' title="bbox 325 1841 1497 1922; baseline 0.002 -20"><span class='ocrx_word' id='word_1_110' title='bbox 325 1841 436 1922; x_wconf 87' lang='lat' dir='ltr'>Atque</span> <span class='ocrx_word' id='word_1_111' title='bbox 453 1844 478 1904; x_wconf 91' lang='lat' dir='ltr'>si</span> <span class='ocrx_word' id='word_1_112' title='bbox 503 1863 550 1918; x_wconf 90' lang='lat' dir='ltr'>ea,</span> <span class='ocrx_word' id='word_1_113' title='bbox 575 1862 656 1921; x_wconf 89' lang='lat' dir='ltr'>quae</span> <span class='ocrx_word' id='word_1_114' title='bbox 672 1843 851 1903; x_wconf 88' lang='lat' dir='ltr'>Diodorum</span> <span class='ocrx_word' id='word_1_115' title='bbox 865 1841 1002 1921; x_wconf 90' lang='lat' dir='ltr'>Dionysi</span> <span class='ocrx_word' id='word_1_116' title='bbox 1023 1842 1184 1922; x_wconf 88' lang='lat' dir='ltr'>epitomae</span> <span class='ocrx_word' id='word_1_117' title='bbox 1201 1843 1326 1906; x_wconf 90' lang='lat' dir='ltr'>aliunde</span> <span class='ocrx_word' id='word_1_118' title='bbox 1344 1843 1497 1905; x_wconf 89' lang='lat' dir='ltr'>adiecisse</span> 
     </span>
     <span class='ocr_line' id='line_1_15' title="bbox 240 1947 1496 2028; baseline 0.002 -21"><span class='ocrx_word' id='word_1_119' title='bbox 240 1947 386 2021; x_wconf 75' lang='lat' dir='ltr'>vidimus</span> <span class='ocrx_word' id='word_1_120' title='bbox 410 1947 649 2028; x_wconf 67' lang='lat' dir='ltr'>perlustramus</span> <span class='ocrx_word' id='word_1_121' title='bbox 674 1948 816 2026; x_wconf 89' lang='lat' dir='ltr'>adparet,</span> <span class='ocrx_word' id='word_1_122' title='bbox 841 1966 915 2007; x_wconf 89' lang='lat' dir='ltr'>eum</span> <span class='ocrx_word' id='word_1_123' title='bbox 944 1967 961 2007; x_wconf 90' lang='lat' dir='ltr'>e</span> <span class='ocrx_word' id='word_1_124' title='bbox 988 1947 1068 2009; x_wconf 93' lang='lat' dir='ltr'>libro</span> <span class='ocrx_word' id='word_1_125' title='bbox 1086 1949 1228 2026; x_wconf 90' lang='lat' dir='ltr'>quodam</span> <span class='ocrx_word' id='word_1_126' title='bbox 1243 1947 1296 2011; x_wconf 90' lang='lat' dir='ltr'>illa</span> <span class='ocrx_word' id='word_1_127' title='bbox 1311 1950 1496 2028; x_wconf 89' lang='lat' dir='ltr'>sumpsisse,</span> 
     </span>
     <span class='ocr_line' id='line_1_16' title="bbox 241 2051 1498 2132; baseline 0 -20"><span class='ocrx_word' id='word_1_128' title='bbox 241 2053 294 2131; x_wconf 92' lang='lat' dir='ltr'>qui</span> <span class='ocrx_word' id='word_1_129' title='bbox 317 2051 426 2113; x_wconf 88' lang='lat' dir='ltr'>itidem</span> <span class='ocrx_word' id='word_1_130' title='bbox 450 2053 712 2132; x_wconf 85' lang='lat' dir='ltr'>Argonautarum</span> <span class='ocrx_word' id='word_1_131' title='bbox 740 2051 935 2132; x_wconf 85' lang='lat' dir='ltr'>expeditioni</span> <span class='ocrx_word' id='word_1_132' title='bbox 958 2052 1155 2114; x_wconf 86' lang='lat' dir='ltr'>adnexuerat</span> <span class='ocrx_word' id='word_1_133' title='bbox 1178 2051 1302 2115; x_wconf 88' lang='lat' dir='ltr'>fabulas</span> <span class='ocrx_word' id='word_1_134' title='bbox 1325 2055 1365 2114; x_wconf 91' lang='lat' dir='ltr'>de</span> <span class='ocrx_word' id='word_1_135' title='bbox 1393 2052 1498 2114; x_wconf 90' lang='lat' dir='ltr'>Peliae</span> 
     </span>
     <span class='ocr_line' id='line_1_17' title="bbox 241 2155 1499 2236; baseline 0.002 -20"><span class='ocrx_word' id='word_1_136' title='bbox 241 2166 353 2230; x_wconf 88' lang='lat' dir='ltr'>morte,</span> <span class='ocrx_word' id='word_1_137' title='bbox 378 2158 418 2217; x_wconf 92' lang='lat' dir='ltr'>de</span> <span class='ocrx_word' id='word_1_138' title='bbox 434 2156 569 2218; x_wconf 90' lang='lat' dir='ltr'>Medeae</span> <span class='ocrx_word' id='word_1_139' title='bbox 585 2155 775 2219; x_wconf 78' lang='lat' dir='ltr'>facinoribus</span> <span class='ocrx_word' id='word_1_140' title='bbox 791 2177 892 2236; x_wconf 91' lang='lat' dir='ltr'>usque</span> <span class='ocrx_word' id='word_1_141' title='bbox 908 2157 949 2218; x_wconf 96' lang='lat' dir='ltr'>ad</span> <span class='ocrx_word' id='word_1_142' title='bbox 966 2155 1101 2219; x_wconf 90' lang='lat' dir='ltr'>Medeae</span> <span class='ocrx_word' id='word_1_143' title='bbox 1125 2159 1155 2218; x_wconf 95' lang='lat' dir='ltr'>in</span> <span class='ocrx_word' id='word_1_144' title='bbox 1172 2157 1285 2220; x_wconf 92' lang='lat' dir='ltr'>Asiam</span> <span class='ocrx_word' id='word_1_145' title='bbox 1307 2159 1443 2220; x_wconf 89' lang='lat' dir='ltr'>reditum</span> <span class='ocrx_word' id='word_1_146' title='bbox 1467 2167 1499 2218; x_wconf 92' lang='lat' dir='ltr'>et</span> 
     </span>
     <span class='ocr_line' id='line_1_18' title="bbox 241 2259 1499 2342; baseline 0 -20"><span class='ocrx_word' id='word_1_147' title='bbox 241 2262 281 2322; x_wconf 92' lang='lat' dir='ltr'>ad</span> <span class='ocrx_word' id='word_1_148' title='bbox 302 2261 434 2321; x_wconf 90' lang='lat' dir='ltr'>Medum</span> <span class='ocrx_word' id='word_1_149' title='bbox 458 2259 559 2323; x_wconf 90' lang='lat' dir='ltr'>Asiae</span> <span class='ocrx_word' id='word_1_150' title='bbox 581 2282 690 2342; x_wconf 88' lang='lat' dir='ltr'>regern</span> <span class='ocrx_word' id='word_1_151' title='bbox 712 2261 840 2323; x_wconf 90' lang='lat' dir='ltr'>sactum.</span> <span class='ocrx_word' id='word_1_152' title='bbox 874 2261 965 2323; x_wconf 90' lang='lat' dir='ltr'>Idem</span> <span class='ocrx_word' id='word_1_153' title='bbox 981 2261 1116 2322; x_wconf 91' lang='lat' dir='ltr'>Diodori</span> <span class='ocrx_word' id='word_1_154' title='bbox 1139 2271 1252 2324; x_wconf 91' lang='lat' dir='ltr'>auctor</span> <span class='ocrx_word' id='word_1_155' title='bbox 1278 2263 1375 2325; x_wconf 91' lang='lat' dir='ltr'>etiam</span> <span class='ocrx_word' id='word_1_156' title='bbox 1389 2263 1499 2324; x_wconf 88' lang='lat' dir='ltr'>Phrixi</span> 
     </span>
     <span class='ocr_line' id='line_1_19' title="bbox 242 2363 1499 2447; baseline 0.002 -21"><span class='ocrx_word' id='word_1_157' title='bbox 242 2365 383 2429; x_wconf 85' lang='lat' dir='ltr'>fabulam</span> <span class='ocrx_word' id='word_1_158' title='bbox 410 2366 557 2446; x_wconf 89' lang='lat' dir='ltr'>praebuit</span> <span class='ocrx_word' id='word_1_159' title='bbox 586 2369 625 2446; x_wconf 85' lang='lat' dir='ltr'>(c.</span> <span class='ocrx_word' id='word_1_160' title='bbox 648 2382 688 2446; x_wconf 87' lang='lat'>47</span> <span class='ocrx_word' id='word_1_161' title='bbox 712 2369 732 2445; x_wconf 65' lang='grc' dir='ltr'>ξ</span> <span class='ocrx_word' id='word_1_162' title='bbox 760 2383 784 2439; x_wconf 89' lang='grc'>1,</span> <span class='ocrx_word' id='word_1_163' title='bbox 807 2366 853 2447; x_wconf 91' lang='lat'>2),</span> <span class='ocrx_word' id='word_1_164' title='bbox 884 2385 982 2444; x_wconf 82' lang='lat' dir='ltr'>quani</span> <span class='ocrx_word' id='word_1_165' title='bbox 1012 2387 1031 2426; x_wconf 90' lang='lat' dir='ltr'>a</span> <span class='ocrx_word' id='word_1_166' title='bbox 1054 2363 1332 2445; x_wconf 85' lang='lat' dir='ltr'>Scytobrachione</span> <span class='ocrx_word' id='word_1_167' title='bbox 1362 2367 1499 2429; x_wconf 91' lang='lat' dir='ltr'>alienam</span> 
     </span>
     <span class='ocr_line' id='line_1_20' title="bbox 243 2471 1499 2553; baseline 0 -21"><span class='ocrx_word' id='word_1_168' title='bbox 243 2491 315 2532; x_wconf 93' lang='lat' dir='ltr'>cum</span> <span class='ocrx_word' id='word_1_169' title='bbox 349 2471 555 2550; x_wconf 91' lang='lat' dir='ltr'>Apollodoro</span> <span class='ocrx_word' id='word_1_170' title='bbox 586 2473 765 2533; x_wconf 89' lang='lat' dir='ltr'>consentire</span> <span class='ocrx_word' id='word_1_171' title='bbox 794 2491 890 2551; x_wconf 90' lang='lat' dir='ltr'>supra</span> <span class='ocrx_word' id='word_1_172' title='bbox 920 2471 1110 2533; x_wconf 90' lang='lat' dir='ltr'>monuimus.</span> <span class='ocrx_word' id='word_1_173' title='bbox 1156 2473 1267 2553; x_wconf 89' lang='lat' dir='ltr'>Atque</span> <span class='ocrx_word' id='word_1_174' title='bbox 1301 2491 1499 2551; x_wconf 92' lang='lat' dir='ltr'>quamquam</span> 
     </span>
     <span class='ocr_line' id='line_1_21' title="bbox 243 2574 1499 2656; baseline 0.001 -20"><span class='ocrx_word' id='word_1_175' title='bbox 243 2595 364 2656; x_wconf 87' lang='lat' dir='ltr'>paucas</span> <span class='ocrx_word' id='word_1_176' title='bbox 399 2578 498 2638; x_wconf 91' lang='lat' dir='ltr'>modo</span> <span class='ocrx_word' id='word_1_177' title='bbox 528 2577 752 2639; x_wconf 87' lang='lat' dir='ltr'>adnotationes</span> <span class='ocrx_word' id='word_1_178' title='bbox 783 2597 824 2637; x_wconf 86' lang='lat' dir='ltr'>ex</span> <span class='ocrx_word' id='word_1_179' title='bbox 851 2574 905 2637; x_wconf 92' lang='lat' dir='ltr'>illo</span> <span class='ocrx_word' id='word_1_180' title='bbox 935 2576 1127 2656; x_wconf 92' lang='lat' dir='ltr'>compendio</span> <span class='ocrx_word' id='word_1_181' title='bbox 1154 2576 1317 2639; x_wconf 92' lang='lat' dir='ltr'>Diodorus</span> <span class='ocrx_word' id='word_1_182' title='bbox 1352 2577 1499 2650; x_wconf 82' lang='lat' dir='ltr'>servavit,</span> 
     </span>
     <span class='ocr_line' id='line_1_22' title="bbox 243 2680 1500 2763; baseline 0.002 -22"><span class='ocrx_word' id='word_1_183' title='bbox 243 2690 352 2742; x_wconf 90' lang='lat' dir='ltr'>tamen</span> <span class='ocrx_word' id='word_1_184' title='bbox 375 2681 526 2744; x_wconf 93' lang='lat' dir='ltr'>nonnulla</span> <span class='ocrx_word' id='word_1_185' title='bbox 541 2681 698 2763; x_wconf 91' lang='lat' dir='ltr'>Apolloni</span> <span class='ocrx_word' id='word_1_186' title='bbox 720 2682 855 2762; x_wconf 89' lang='lat' dir='ltr'>vestigia</span> <span class='ocrx_word' id='word_1_187' title='bbox 870 2681 901 2740; x_wconf 94' lang='lat' dir='ltr'>in</span> <span class='ocrx_word' id='word_1_188' title='bbox 928 2680 973 2741; x_wconf 91' lang='lat' dir='ltr'>eis</span> <span class='ocrx_word' id='word_1_189' title='bbox 989 2680 1278 2760; x_wconf 89' lang='lat' dir='ltr'>deprehenduntur.</span> <span class='ocrx_word' id='word_1_190' title='bbox 1312 2682 1397 2744; x_wconf 90' lang='lat' dir='ltr'>Nam</span> <span class='ocrx_word' id='word_1_191' title='bbox 1418 2682 1500 2743; x_wconf 91' lang='lat' dir='ltr'>sicut</span> 
     </span>
     <span class='ocr_line' id='line_1_23' title="bbox 246 2784 1500 2867; baseline 0.001 -22"><span class='ocrx_word' id='word_1_192' title='bbox 246 2785 441 2867; x_wconf 90' lang='lat' dir='ltr'>Apollonius</span> <span class='ocrx_word' id='word_1_193' title='bbox 464 2789 488 2849; x_wconf 95' lang='lat' dir='ltr'>I.</span> <span class='ocrx_word' id='word_1_194' title='bbox 516 2805 596 2865; x_wconf 86' lang='lat'>1240</span> <span class='ocrx_word' id='word_1_195' title='bbox 618 2808 666 2866; x_wconf 91' lang='lat' dir='ltr'>sq.</span> <span class='ocrx_word' id='word_1_196' title='bbox 681 2788 845 2849; x_wconf 91' lang='lat' dir='ltr'>Diodorus</span> <span class='ocrx_word' id='word_1_197' title='bbox 868 2795 984 2861; x_wconf 91' lang='lat' dir='ltr'>narrat,</span> <span class='ocrx_word' id='word_1_198' title='bbox 1001 2785 1174 2848; x_wconf 90' lang='lat' dir='ltr'>Herculem</span> <span class='ocrx_word' id='word_1_199' title='bbox 1197 2787 1228 2847; x_wconf 94' lang='lat' dir='ltr'>in</span> <span class='ocrx_word' id='word_1_200' title='bbox 1242 2784 1322 2847; x_wconf 91' lang='lat' dir='ltr'>Asia</span> <span class='ocrx_word' id='word_1_201' title='bbox 1337 2786 1378 2848; x_wconf 90' lang='lat' dir='ltr'>ab</span> <span class='ocrx_word' id='word_1_202' title='bbox 1395 2785 1500 2866; x_wconf 90' lang='lat' dir='ltr'>Argo-</span> 
     </span>
     <span class='ocr_line' id='line_1_24' title="bbox 244 2889 1498 2972; baseline -0.002 -20"><span class='ocrx_word' id='word_1_203' title='bbox 244 2892 347 2954; x_wconf 93' lang='lat' dir='ltr'>nautis</span> <span class='ocrx_word' id='word_1_204' title='bbox 377 2912 447 2954; x_wconf 89' lang='lat' dir='ltr'>esse</span> <span class='ocrx_word' id='word_1_205' title='bbox 478 2893 639 2968; x_wconf 88' lang='lat' dir='ltr'>relictum;</span> <span class='ocrx_word' id='word_1_206' title='bbox 671 2911 801 2954; x_wconf 91' lang='lat' dir='ltr'>causam</span> <span class='ocrx_word' id='word_1_207' title='bbox 834 2899 942 2951; x_wconf 90' lang='lat' dir='ltr'>autem</span> <span class='ocrx_word' id='word_1_208' title='bbox 977 2891 1071 2952; x_wconf 94' lang='lat' dir='ltr'>aliam</span> <span class='ocrx_word' id='word_1_209' title='bbox 1100 2899 1198 2972; x_wconf 90' lang='lat' dir='ltr'>atque</span> <span class='ocrx_word' id='word_1_210' title='bbox 1226 2901 1325 2972; x_wconf 90' lang='lat' dir='ltr'>poeta</span> <span class='ocrx_word' id='word_1_211' title='bbox 1359 2889 1498 2970; x_wconf 90' lang='lat' dir='ltr'>profert:</span> 
     </span>
     <span class='ocr_line' id='line_1_25' title="bbox 244 2994 1498 3077; baseline -0.002 -19"><span class='ocrx_word' id='word_1_212' title='bbox 244 2997 418 3058; x_wconf 90' lang='lat' dir='ltr'>Herculem</span> <span class='ocrx_word' id='word_1_213' title='bbox 444 3008 479 3059; x_wconf 94' lang='lat' dir='ltr'>ut</span> <span class='ocrx_word' id='word_1_214' title='bbox 507 3018 624 3077; x_wconf 88' lang='lat' dir='ltr'>aquam</span> <span class='ocrx_word' id='word_1_215' title='bbox 654 3004 794 3077; x_wconf 88' lang='lat' dir='ltr'>peteret,</span> <span class='ocrx_word' id='word_1_216' title='bbox 827 2994 951 3062; x_wconf 89' lang='lat' dir='ltr'>abiisse.</span> <span class='ocrx_word' id='word_1_217' title='bbox 1005 2994 1113 3076; x_wconf 87' lang='lat' dir='ltr'>Quare</span> <span class='ocrx_word' id='word_1_218' title='bbox 1141 2997 1201 3057; x_wconf 91' lang='lat' dir='ltr'>Ed.</span> <span class='ocrx_word' id='word_1_219' title='bbox 1231 2995 1395 3058; x_wconf 87' lang='lat' dir='ltr'>Schwartz</span> <span class='ocrx_word' id='word_1_220' title='bbox 1424 3016 1455 3076; x_wconf 88' lang='lat' dir='ltr'>p.</span> <span class='ocrx_word' id='word_1_221' title='bbox 1481 3009 1498 3072; x_wconf 88' lang='lat'>3</span> 
     </span>
     <span class='ocr_line' id='line_1_26' title="bbox 245 3097 1501 3183; baseline -0.001 -23"><span class='ocrx_word' id='word_1_222' title='bbox 245 3100 387 3162; x_wconf 87' lang='lat' dir='ltr'>fabulam</span> <span class='ocrx_word' id='word_1_223' title='bbox 418 3101 615 3162; x_wconf 90' lang='lat' dir='ltr'>Hesiodeam</span> <span class='ocrx_word' id='word_1_224' title='bbox 644 3104 685 3181; x_wconf 79' lang='lat' dir='ltr'>(v.</span> <span class='ocrx_word' id='word_1_225' title='bbox 709 3099 808 3162; x_wconf 91' lang='lat' dir='ltr'>schol.</span> <span class='ocrx_word' id='word_1_226' title='bbox 833 3099 898 3178; x_wconf 91' lang='lat' dir='ltr'>Ap.</span> <span class='ocrx_word' id='word_1_227' title='bbox 920 3097 982 3161; x_wconf 91' lang='lat' dir='ltr'>Rh.</span> <span class='ocrx_word' id='word_1_228' title='bbox 1005 3105 1028 3160; x_wconf 94' lang='lat' dir='ltr'>I.</span> <span class='ocrx_word' id='word_1_229' title='bbox 1057 3102 1153 3181; x_wconf 89' lang='lat'>1178,</span> <span class='ocrx_word' id='word_1_230' title='bbox 1189 3101 1279 3183; x_wconf 88' lang='lat'>1281)</span> <span class='ocrx_word' id='word_1_231' title='bbox 1310 3100 1396 3181; x_wconf 92' lang='lat' dir='ltr'>apud</span> <span class='ocrx_word' id='word_1_232' title='bbox 1425 3099 1501 3160; x_wconf 92' lang='lat' dir='ltr'>Dio-</span> 
     </span>
     <span class='ocr_line' id='line_1_27' title="bbox 244 3203 1500 3286; baseline -0.001 -21"><span class='ocrx_word' id='word_1_233' title='bbox 244 3205 360 3266; x_wconf 91' lang='lat' dir='ltr'>dorum</span> <span class='ocrx_word' id='word_1_234' title='bbox 389 3205 447 3266; x_wconf 92' lang='lat' dir='ltr'>sibi</span> <span class='ocrx_word' id='word_1_235' title='bbox 478 3206 685 3286; x_wconf 89' lang='lat' dir='ltr'>investigasse</span> <span class='ocrx_word' id='word_1_236' title='bbox 708 3206 832 3266; x_wconf 90' lang='lat' dir='ltr'>videtur</span> <span class='ocrx_word' id='word_1_237' title='bbox 853 3206 1027 3280; x_wconf 88' lang='lat' dir='ltr'>adnotans,</span> <span class='ocrx_word' id='word_1_238' title='bbox 1058 3205 1133 3266; x_wconf 92' lang='lat' dir='ltr'>nihil</span> <span class='ocrx_word' id='word_1_239' title='bbox 1156 3207 1278 3280; x_wconf 89' lang='lat' dir='ltr'>valere,</span> <span class='ocrx_word' id='word_1_240' title='bbox 1310 3206 1399 3285; x_wconf 92' lang='lat' dir='ltr'>quod</span> <span class='ocrx_word' id='word_1_241' title='bbox 1421 3203 1500 3264; x_wconf 93' lang='lat' dir='ltr'>Dio-</span> 
     </span>
     <span class='ocr_line' id='line_1_28' title="bbox 245 3307 1531 3392; baseline -0.002 -22"><span class='ocrx_word' id='word_1_242' title='bbox 245 3311 343 3370; x_wconf 90' lang='lat' dir='ltr'>dorus</span> <span class='ocrx_word' id='word_1_243' title='bbox 363 3319 396 3370; x_wconf 90' lang='lat' dir='ltr'>et</span> <span class='ocrx_word' id='word_1_244' title='bbox 417 3311 542 3372; x_wconf 91' lang='lat' dir='ltr'>Pindari</span> <span class='ocrx_word' id='word_1_245' title='bbox 565 3310 736 3372; x_wconf 88' lang='lat' dir='ltr'>scholiasta</span> <span class='ocrx_word' id='word_1_246' title='bbox 757 3310 851 3389; x_wconf 91' lang='lat' dir='ltr'>Pyth.</span> <span class='ocrx_word' id='word_1_247' title='bbox 875 3308 933 3370; x_wconf 87' lang='lat' dir='ltr'>IV.</span> <span class='ocrx_word' id='word_1_248' title='bbox 959 3325 1018 3388; x_wconf 82' lang='lat'>303</span> <span class='ocrx_word' id='word_1_249' title='bbox 1041 3330 1101 3392; x_wconf 91' lang='lat' dir='ltr'>pro</span> <span class='ocrx_word' id='word_1_250' title='bbox 1125 3311 1291 3392; x_wconf 90' lang='lat' dir='ltr'>Magnesia</span> <span class='ocrx_word' id='word_1_251' title='bbox 1314 3307 1501 3371; x_wconf 88' lang='lat' dir='ltr'>Thessaliae</span> <span class='ocrx_word' id='word_1_252' title='bbox 1529 3307 1531 3310; x_wconf 77' lang='grc'><strong>’</strong></span> 
     </span>
     <span class='ocr_line' id='line_1_29' title="bbox 246 3413 1501 3496; baseline -0.003 -18"><span class='ocrx_word' id='word_1_253' title='bbox 246 3414 413 3494; x_wconf 88' lang='lat' dir='ltr'>vulgarem</span> <span class='ocrx_word' id='word_1_254' title='bbox 437 3413 577 3478; x_wconf 89' lang='lat' dir='ltr'>sabulam</span> <span class='ocrx_word' id='word_1_255' title='bbox 608 3417 709 3494; x_wconf 88' lang='lat' dir='ltr'>secuti</span> <span class='ocrx_word' id='word_1_256' title='bbox 732 3415 873 3496; x_wconf 91' lang='lat' dir='ltr'>Mysiam</span> <span class='ocrx_word' id='word_1_257' title='bbox 896 3417 1106 3495; x_wconf 85' lang='lat' dir='ltr'>reposuerint.</span> <span class='ocrx_word' id='word_1_258' title='bbox 1150 3417 1197 3478; x_wconf 91' lang='lat' dir='ltr'>At</span> <span class='ocrx_word' id='word_1_259' title='bbox 1220 3436 1259 3477; x_wconf 92' lang='lat' dir='ltr'>ne</span> <span class='ocrx_word' id='word_1_260' title='bbox 1282 3413 1424 3488; x_wconf 79' lang='lat' dir='ltr'>afferam,</span> <span class='ocrx_word' id='word_1_261' title='bbox 1450 3433 1501 3474; x_wconf 89' lang='lat' dir='ltr'>me</span> 
     </span>
     <span class='ocr_line' id='line_1_30' title="bbox 245 3520 1503 3602; baseline -0.002 -22"><span class='ocrx_word' id='word_1_262' title='bbox 245 3521 362 3581; x_wconf 90' lang='lat' dir='ltr'>eodem</span> <span class='ocrx_word' id='word_1_263' title='bbox 392 3520 459 3582; x_wconf 90' lang='lat' dir='ltr'>iure</span> <span class='ocrx_word' id='word_1_264' title='bbox 489 3522 600 3595; x_wconf 83' lang='lat' dir='ltr'>dicere-</span> <span class='ocrx_word' id='word_1_265' title='bbox 623 3541 736 3602; x_wconf 89' lang='lat' dir='ltr'>posse,</span> <span class='ocrx_word' id='word_1_266' title='bbox 769 3521 948 3583; x_wconf 92' lang='lat' dir='ltr'>Diodorum</span> <span class='ocrx_word' id='word_1_267' title='bbox 971 3520 1184 3601; x_wconf 92' lang='lat' dir='ltr'>Apollonium</span> <span class='ocrx_word' id='word_1_268' title='bbox 1212 3529 1357 3583; x_wconf 90' lang='lat' dir='ltr'>secutum</span> <span class='ocrx_word' id='word_1_269' title='bbox 1380 3537 1503 3580; x_wconf 89' lang='lat' dir='ltr'>errasse</span> 
     </span>
     <span class='ocr_line' id='line_1_31' title="bbox 246 3607 1503 3706; baseline -0.002 -20"><span class='ocrx_word' id='word_1_270' title='bbox 246 3627 345 3688; x_wconf 91' lang='lat' dir='ltr'>modo</span> <span class='ocrx_word' id='word_1_271' title='bbox 368 3627 399 3687; x_wconf 93' lang='lat' dir='ltr'>in</span> <span class='ocrx_word' id='word_1_272' title='bbox 422 3647 471 3700; x_wconf 92' lang='lat' dir='ltr'>eo,</span> <span class='ocrx_word' id='word_1_273' title='bbox 503 3625 591 3705; x_wconf 85' lang='lat' dir='ltr'>quod</span> <span class='ocrx_word' id='word_1_274' title='bbox 614 3646 678 3687; x_wconf 94' lang='lat' dir='ltr'>non</span> <span class='ocrx_word' id='word_1_275' title='bbox 706 3625 870 3699; x_wconf 90' lang='lat' dir='ltr'>Hercules,</span> <span class='ocrx_word' id='word_1_276' title='bbox 896 3627 952 3687; x_wconf 89' lang='lat' dir='ltr'>sed</span> <span class='ocrx_word' id='word_1_277' title='bbox 976 3625 1081 3706; x_wconf 92' lang='lat' dir='ltr'>Hylas</span> <span class='ocrx_word' id='word_1_278' title='bbox 1103 3636 1257 3706; x_wconf 92' lang='lat' dir='ltr'>aquatum</span> <span class='ocrx_word' id='word_1_279' title='bbox 1280 3607 1401 3700; x_wconf 89' lang='lat' dir='ltr'>abierit,</span> <span class='ocrx_word' id='word_1_280' title='bbox 1432 3643 1503 3704; x_wconf 90' lang='lat' dir='ltr'>pro-</span> 
     </span>
    </p>
   </div>
   <div class='ocr_carea' id='block_1_4' title="bbox 247 3897 1520 4161">
    <p class='ocr_par' dir='ltr' id='par_1_4' title="bbox 247 3897 1520 4161">
     <span class='ocr_line' id='line_1_32' title="bbox 333 3897 1520 3986; baseline -0.003 -16"><span class='ocrx_word' id='word_1_281' title='bbox 333 3917 380 3985; x_wconf 71' lang='lat'><strong>109)</strong></span> <span class='ocrx_word' id='word_1_282' title='bbox 400 3939 424 3971; x_wconf 92' lang='lat' dir='ltr'>v.</span> <span class='ocrx_word' id='word_1_283' title='bbox 445 3922 494 3972; x_wconf 89' lang='lat' dir='ltr'>Ed.</span> <span class='ocrx_word' id='word_1_284' title='bbox 512 3923 652 3974; x_wconf 86' lang='lat' dir='ltr'>Schwartz:</span> <span class='ocrx_word' id='word_1_285' title='bbox 679 3921 711 3970; x_wconf 90' lang='lat' dir='ltr'>de</span> <span class='ocrx_word' id='word_1_286' title='bbox 739 3922 863 3985; x_wconf 88' lang='lat' dir='ltr'>Dionysio</span> <span class='ocrx_word' id='word_1_287' title='bbox 890 3922 1105 3984; x_wconf 88' lang='lat' dir='ltr'>Scytobrachione</span> <span class='ocrx_word' id='word_1_288' title='bbox 1122 3939 1148 3985; x_wconf 91' lang='lat' dir='ltr'>p.</span> <span class='ocrx_word' id='word_1_289' title='bbox 1170 3933 1198 3985; x_wconf 85' lang='lat'>15</span> <span class='ocrx_word' id='word_1_290' title='bbox 1224 3938 1250 3970; x_wconf 89' lang='lat' dir='ltr'>n.</span> <span class='ocrx_word' id='word_1_291' title='bbox 1272 3935 1296 3981; x_wconf 88' lang='lat'>2,</span> <span class='ocrx_word' id='word_1_292' title='bbox 1322 3921 1366 3986; x_wconf 94' lang='lat' dir='ltr'>qui</span> <span class='ocrx_word' id='word_1_293' title='bbox 1391 3897 1520 3984; x_wconf 83' lang='lat' dir='ltr'>quidem,¹</span> 
     </span>
     <span class='ocr_line' id='line_1_33' title="bbox 247 4003 1361 4075; baseline 0.002 -19"><span class='ocrx_word' id='word_1_294' title='bbox 247 4010 376 4071; x_wconf 90' lang='lat' dir='ltr'>quomodo</span> <span class='ocrx_word' id='word_1_295' title='bbox 389 4009 438 4058; x_wconf 91' lang='lat' dir='ltr'>hoc</span> <span class='ocrx_word' id='word_1_296' title='bbox 456 4009 575 4074; x_wconf 87' lang='lat' dir='ltr'>explicari</span> <span class='ocrx_word' id='word_1_297' title='bbox 592 4009 680 4075; x_wconf 91' lang='lat' dir='ltr'>possit,</span> <span class='ocrx_word' id='word_1_298' title='bbox 701 4025 753 4058; x_wconf 92' lang='lat' dir='ltr'>non</span> <span class='ocrx_word' id='word_1_299' title='bbox 770 4009 839 4060; x_wconf 89' lang='lat' dir='ltr'>dicit.</span> <span class='ocrx_word' id='word_1_300' title='bbox 1357 4003 1361 4008; x_wconf 41' lang='lat'>⁸</span> 
     </span>
     <span class='ocr_line' id='line_1_34' title="bbox 333 4093 1505 4161; baseline -0.003 -16"><span class='ocrx_word' id='word_1_301' title='bbox 333 4093 381 4160; x_wconf 85' lang='lat'>¹¹⁰)</span> <span class='ocrx_word' id='word_1_302' title='bbox 401 4114 426 4160; x_wconf 91' lang='lat' dir='ltr'>p.</span> <span class='ocrx_word' id='word_1_303' title='bbox 446 4111 480 4158; x_wconf 89' lang='lat'>24</span> <span class='ocrx_word' id='word_1_304' title='bbox 497 4099 528 4146; x_wconf 88' lang='lat' dir='ltr'>de</span> <span class='ocrx_word' id='word_1_305' title='bbox 541 4098 648 4161; x_wconf 91' lang='lat' dir='ltr'>Dionys.</span> <span class='ocrx_word' id='word_1_306' title='bbox 661 4097 776 4160; x_wconf 90' lang='lat' dir='ltr'>Scytobr.</span> <span class='ocrx_word' id='word_1_307' title='bbox 798 4096 859 4145; x_wconf 89' lang='lat' dir='ltr'>dicit</span> <span class='ocrx_word' id='word_1_308' title='bbox 876 4097 1009 4146; x_wconf 86' lang='lat' dir='ltr'>Eduardus</span> <span class='ocrx_word' id='word_1_309' title='bbox 1027 4098 1167 4148; x_wconf 85' lang='lat' dir='ltr'>Schwartz:</span> <span class='ocrx_word' id='word_1_310' title='bbox 1192 4097 1339 4161; x_wconf 79' lang='lat' dir='ltr'>»Hyginum</span> <span class='ocrx_word' id='word_1_311' title='bbox 1358 4113 1410 4145; x_wconf 92' lang='lat' dir='ltr'>non</span> <span class='ocrx_word' id='word_1_312' title='bbox 1422 4096 1505 4159; x_wconf 89' lang='lat' dir='ltr'>ipsum</span> 
     </span>
    </p>
   </div>
   <div class='ocr_carea' id='block_1_5' title="bbox 247 4183 1506 4410">
    <p class='ocr_par' dir='ltr' id='par_1_5' title="bbox 247 4183 1506 4410">
     <span class='ocr_line' id='line_1_35' title="bbox 249 4183 1503 4250; baseline -0.002 -18"><span class='ocrx_word' id='word_1_313' title='bbox 249 4201 348 4233; x_wconf 90' lang='lat' dir='ltr'>carmen</span> <span class='ocrx_word' id='word_1_314' title='bbox 367 4185 490 4249; x_wconf 91' lang='lat' dir='ltr'>Apolloni</span> <span class='ocrx_word' id='word_1_315' title='bbox 509 4187 624 4235; x_wconf 86' lang='lat' dir='ltr'>manibus</span> <span class='ocrx_word' id='word_1_316' title='bbox 642 4185 746 4245; x_wconf 89' lang='lat' dir='ltr'>trivisse,</span> <span class='ocrx_word' id='word_1_317' title='bbox 773 4186 818 4234; x_wconf 91' lang='lat' dir='ltr'>sed</span> <span class='ocrx_word' id='word_1_318' title='bbox 836 4194 984 4250; x_wconf 87' lang='lat' dir='ltr'>argumenta</span> <span class='ocrx_word' id='word_1_319' title='bbox 997 4202 1053 4236; x_wconf 89' lang='lat' dir='ltr'>cum</span> <span class='ocrx_word' id='word_1_320' title='bbox 1072 4186 1173 4235; x_wconf 91' lang='lat' dir='ltr'>scholiis</span> <span class='ocrx_word' id='word_1_321' title='bbox 1191 4185 1325 4234; x_wconf 87' lang='lat' dir='ltr'>commixta</span> <span class='ocrx_word' id='word_1_322' title='bbox 1343 4183 1503 4248; x_wconf 87' lang='lat' dir='ltr'>compilasse,</span> 
     </span>
     <span class='ocr_line' id='line_1_36' title="bbox 247 4271 1506 4338; baseline -0.001 -18"><span class='ocrx_word' id='word_1_323' title='bbox 247 4287 328 4336; x_wconf 85' lang='lat' dir='ltr'>pauca</span> <span class='ocrx_word' id='word_1_324' title='bbox 347 4273 418 4336; x_wconf 92' lang='lat' dir='ltr'>quasi</span> <span class='ocrx_word' id='word_1_325' title='bbox 436 4273 584 4322; x_wconf 86' lang='lat' dir='ltr'>narrationis</span> <span class='ocrx_word' id='word_1_326' title='bbox 602 4274 698 4322; x_wconf 87' lang='lat' dir='ltr'>lumina</span> <span class='ocrx_word' id='word_1_327' title='bbox 713 4281 788 4336; x_wconf 90' lang='lat' dir='ltr'>atque</span> <span class='ocrx_word' id='word_1_328' title='bbox 807 4282 954 4322; x_wconf 90' lang='lat' dir='ltr'>ornamenta</span> <span class='ocrx_word' id='word_1_329' title='bbox 973 4274 1004 4322; x_wconf 94' lang='lat' dir='ltr'>de</span> <span class='ocrx_word' id='word_1_330' title='bbox 1017 4290 1062 4321; x_wconf 85' lang='lat' dir='ltr'>suo</span> <span class='ocrx_word' id='word_1_331' title='bbox 1082 4273 1160 4338; x_wconf 88' lang='lat' dir='ltr'>ipsius</span> <span class='ocrx_word' id='word_1_332' title='bbox 1178 4273 1281 4336; x_wconf 87' lang='lat' dir='ltr'>ingenio</span> <span class='ocrx_word' id='word_1_333' title='bbox 1299 4271 1506 4320; x_wconf 87' lang='lat' dir='ltr'>admiscuisse...</span> 
     </span>
     <span class='ocr_line' id='line_1_37' title="bbox 249 4361 664 4410; baseline 0.007 -4"><span class='ocrx_word' id='word_1_334' title='bbox 249 4361 300 4407; x_wconf 93' lang='lat' dir='ltr'>veri</span> <span class='ocrx_word' id='word_1_335' title='bbox 320 4361 400 4410; x_wconf 90' lang='lat' dir='ltr'>multo</span> <span class='ocrx_word' id='word_1_336' title='bbox 419 4362 518 4410; x_wconf 91' lang='lat' dir='ltr'>videtur</span> <span class='ocrx_word' id='word_1_337' title='bbox 535 4361 664 4410; x_wconf 79' lang='lat' dir='ltr'>similius«</span> 
     </span>
    </p>
   </div>
   <div class='ocr_carea' id='block_1_6' title="bbox 0 0 1737 5028">
    <p class='ocr_par' dir='ltr' id='par_1_6' title="bbox 0 0 1737 5028">
     <span class='ocr_line' id='line_1_38' title="bbox 0 0 1737 5028; baseline 0 0"><span class='ocrx_word' id='word_1_338' title='bbox 0 0 1737 5028; x_wconf 95' lang='lat' dir='ltr'> </span> 
     </span>
    </p>
   </div>
  </div>
 </body>
</html>
