3438 5028
765 435 973 509 ..83-

238 601 356 664 Atticis
379 621 453 662 cum
484 599 678 662 bibliotheca
706 601 876 662 consentit.
920 598 985 661 Sed
1017 595 1090 661 cum
1122 599 1264 680 Georgio
1295 597 1498 679 Knaack104)

238 707 331 784 faci0,
345 707 409 787 'qui
432 706 565 779 dubitat,
589 725 665 766 num
689 725 799 767 revera
821 703 1054 786 Apollodorus,
1066 704 1266 786 quidicitur,
1284 695 1324 766 'et
1344 704 1498 785 Hyginus

238 813 310 874 Istri
339 831 492 892 magnum
523 831 609 890 opus¹
634 819 708 872 ante
739 809 851 872 oculos
879 809 1064 883 habuerint,
1095 819 1192 889 atque
1215 811 1318 886 addo,
1349 808 1400 871 vel
1423 809 1498 872 Dio·
1530 811 1533 817 '

238 919 354 980 dorum
384 917 415 978 id
446 917 550 996 ipsum
581 924 666 977 certe
697 935 762 976 non
795 916 981 995 inspexisse.
1023 913 1105 976 Cum
1135 917 1221 977 enim
1249 915 1414 978 Diodorus
1434 935 1499 978 non

239 1023 345 1085 solum
368 1022 399 1082 in
422 1014 539 1083 Atticis
561 1020 685 1093 fabulis,
709 1021 941 1083 verumetiam
965 1023 996 1082 in
1017 1021 1085 1083 aliis
1108 1020 1216 1083 multis
1232 1019 1405 1082 referendis
1425 1042 1499 1083 cum

239 1126 445 1208 Apollodoro
478 1125 612 1207 aliisque
635 1124 883 1205 mythographis
910 1126 1104 1199 consentiat,
1135 1126 1269 1206 cogitari
1301 1146 1366 1187 non
1392 1135 1500 1207 potest

239 1233 368 1294 Atticas
391 1230 515 1293 fabulas
537 1232 578 1293 ad
602 1251 658 1293 eos
681 1229 743 1292 alia
764 1231 817 1316 via
845 1231 1029 1309 pervenisse
1060 1250 1157 1310 quam
1186 1239 1326 1304 ceteras,
1361 1231 1418 1292 sed
1448 1229 1499 1292 ad-

239 1345 340 1418 paret,
364 1355 477 1398 omnes
499 1335 633 1412 fabulas,
657 1355 740 1415 quae
761 1335 802 1397 ab
825 1335 977 1397 historico
1010 1345 1042 1397 et
1065 1357 1084 1398 a
1113 1336 1360 1417 mythographis
1383 1337 1499 1398 eodem

241 1443 340 1504 modo
363 1449 545 1514 narrantur,
569 1441 599 1502 in
623 1462 687 1503 uno
711 1441 892 1522 eodemque
922 1443 1117 1522 compendio
1142 1462 1213 1503 esse
1236 1441 1344 1503 lectas.
1388 1441 1501 1520 Itaque

240 1547 271 1608 in
293 1545 364 1609 hius
385 1546 567 1625 compendii
590 1529 772 1619 auctorem,
804 1545 858 1625 qui
887 1555 961 1607 ante
991 1545 1172 1609 Diodorum
1195 1547 1284 1619 vixit,
1303 1544 1501 1608 ›transferen-

182 1673 185 1680 ·
240 1654 318 1714 dum
349 1661 415 1727 est,
451 1651 539 1728 quod
573 1650 669 1712 docte
700 1651 937 1711 Maximilianus
960 1649 1145 1714 Wellmann
1175 1652 1215 1713 de
1238 1650 1446 1731 Apollodoro
1468 1660 1501 1712 et

240 1758 373 1837 Hygino
396 1755 552 1817 disseruit.

306 1861 431 1942 ,Ipsius
453 1859 612 1941 Euripidis
635 1880 746 1921 versus
768 1859 965 1936 Diodorum,
998 1859 1052 1941 qui
1074 1858 1247 1921 Thebanas
1271 1858 1395 1923 fabulas
1417 1881 1501 1924 com·

243 1975 394 2049 poneret,
424 1966 601 2047 inspexisse
638 1966 811 2027 Eduardus
852 1963 1015 2027 Schwartz
1046 1965 1272 2045 pronuntiavit.
1322 1964 1359 2026 In
1392 1965 1501 2046 sagaci

242 2073 328 2133 enim
361 2073 401 2132 de
434 2071 562 2133 scholiis
591 2070 772 2132 Homericis
802 2070 1026 2132 dissertatione
1056 2091 1086 2150 p.
1117 2083 1182 2147 450
1208 2089 1296 2150 sqq.,
1326 2079 1502 2152 postquam

243 2177 425 2239 Diodorum
461 2176 528 2257 (64)
558 2178 590 2237 in
620 2175 799 2256 Oedipodis
829 2174 937 2237 fabula
965 2176 1142 2237 enarranda
1172 2195 1276 2257 paene
1299 2177 1341 2238 ad
1363 2175 1500 2239 verbum

243 2282 403 2362 Euripidis
418 2280 666 2343 Phoenissarum
682 2280 855 2362 prologum
875 2279 975 2362 sequi,
996 2279 1191 2361 Apollodori
1207 2289 1316 2344 autem
1333 2289 1365 2343 et
1380 2281 1502 2362 Hygini

244 2388 441 2449 narrationes
472 2404 515 2447 ex
538 2387 653 2448 eodem
684 2386 823 2467 prologo
846 2385 1006 2466 Euripidis
1029 2394 1061 2447 et
1089 2386 1200 2468 paucis
1221 2386 1301 2448 locis
1324 2383 1503 2467 Oedipodis

243 2493 343 2574 Regis
373 2490 576 2572 Sophocleae
606 2492 804 2571 compositas
833 2511 904 2553 esse
934 2491 1109 2552 rectissime
1131 2492 1330 2567 observavit,
1361 2512 1399 2554 ea
1428 2511 1506 2554 vero

244 2617 327 2677 quae
358 2597 399 2658 de
429 2595 573 2677 Sphinge
602 2596 781 2669 DiodoruS,
813 2596 1052 2677 Apollodorus,
1085 2595 1236 2677 Hyginus
1258 2597 1405 2680 tradunt,
1440 2617 1505 2660 non

245 2703 431 2785 quidem'in
463 2703 538 2782 ipsis
560 2701 720 2784 Euripidis
743 2702 904 2779 versibus,
935 2702 992 2763 sed
1021 2702 1052 2762 in
1082 2701 1211 2763 scholiis
1241 2703 1419 2764 eorundem
1441 2701 1505 2784 legi

245 2808 410 2887 multaque
433 2807 503 2880 alia,
537 2827 620 2889 quae
643 2807 674 2868 in
695 2806 890 2869 bibliotheca
912 2807 1119 2888 reperiuntur,
1155 2807 1265 2869 itidem
1288 2826 1307 2867 a
1326 2805 1505 2871 scholiastis

246 2915 287 2976 ad
309 2912 501 2998 Phoenissas
523 2913 678 2974 adnotata
709 2932 779 2973 esse
805 2912 898 2987 vidit;
931 2920 963 2973 et
985 2911 1167 2973 Diodorum
1190 2921 1223 2974 et
1248 2903 1508 2994 mythographos

247 3039 310 3079 una
332 3037 405 3079 cum
421 3016 603 3098 Euripideis
625 3016 769 3077 versibus
792 3015 889 3076 etiam
907 3014 1028 3081 scholia
1045 3015 1251 3098 descripsisse
1267 3018 1386 3092 statuit,
1409 3026 1507 3100 atque

247 3122 344 3183 etiam
368 3142 422 3196 ea,
454 3143 536 3201 quae
558 3121 689 3203 propria
711 3131 785 3183 sunt
807 3119 1038 3195 bibliothecae,
1069 3122 1157 3183 velut
1182 3121 1355 3186 Periboeae
1379 3143 1507 3199 nomen,

249 3227 354 3287 rixam
382 3223 562 3307 Oedipodis
591 3226 730 3307 Laique,
771 3225 829 3287 Lai
861 3225 970 3299 funus,
1001 3226 1112 3289 Musas
1145 3225 1298 3309 Sphingis
1327 3230 1506 3311 magistras,

248 3331 357 3393 omnia
380 3332 411 3391 in
433 3329 679 3393 Phoenissarum
707 3330 835 3393 scholiis
859 3332 1023 3412 quondam
1046 3332 1217 3395 exstitisse.
1263 3332 1311 3397 At
1333 3335 1401 3416 ipse
1424 3335 1508 3399 Edu·

248 3437 345 3498 ardus
376 3425 540 3498 Schwartz
571 3436 741 3517 cognovit,
770 3436 961 3516 Amphiarai
983 3437 1107 3499 exitum
1130 3459 1149 3500 a
1171 3437 1319 3502 Diodoro
1342 3441 1405 3521 (65,
1424 3441 1454 3522 5)
1477 3450 1510 3504 et

321 3695 369 3761 ¹⁰⁴)
386 3695 514 3745 Deutsche
534 3695 772 3760 Litteraturzeitung
793 3694 865 3754 1886,
887 3696 938 3744 No.
960 3708 1003 3759 30,
1023 3713 1049 3760 p.
1069 3699 1146 3748 1060:
1169 3717 1192 3748 ι.
1207 3735 1213 3748 .
1230 3699 1300 3750 ‚Die
1317 3714 1345 3748 so
1364 3699 1509 3750 ellmdhlich

249 3801 424 3848 gewonnenen
442 3783 573 3834 Resultate
599 3785 741 3834 verwendet
769 3785 813 3833 der
839 3784 909 3834 Vers.
936 3785 971 3833 im
989 3785 1094 3850 Kapitel
1113 3801 1138 3850 3,
1165 3803 1208 3836 um
1232 3787 1297 3836 auch
1321 3786 1348 3835 in
1366 3788 1511 3852 Apollodor

252 3873 304 3921 und
323 3873 412 3937 Hygin
432 3870 497 3937 (sab)
514 3873 625 3936 grbssere
643 3873 689 3922 aul
704 3873 754 3922 den
772 3872 895 3921 attischen
917 3873 1068 3938 Sagenkreis
1085 3875 1235 3940 bezitgliche
1253 3875 1354 3924 Partien
1372 3874 1419 3924 auf
1433 3877 1510 3925 Istros

251 3961 465 4010 zurttckzut'tthren
485 3987 518 3996 —
536 3968 600 4011 trotz
618 3962 681 4011 alles
699 3962 907 4026 ausgewendeten
927 3961 1086 4011 Scharssinns
1105 3964 1174 4012 nicht
1192 3964 1238 4012 mit
1255 3965 1313 4013 dem
1331 3965 1448 4028 gleichen
1467 3965 1512 4013 Er-

250 4048 329 4112 folge.
376 4049 429 4097 Das
457 4049 688 4112 glttcklicherweise
712 4058 788 4100 etwas
814 4049 997 4100 ausfuhrlicher
1024 4051 1154 4101 erhaltene
1172 4051 1308 4115 Fragment
1331 4054 1394 4102 uber
1412 4053 1513 4103 Prokris

249 4137 345 4186 stimmt
363 4136 431 4185 doch
449 4137 519 4188 nicht
536 4155 564 4188 so
582 4140 627 4188 mit
647 4140 705 4188 dem
724 4137 851 4202 dutitigen
871 4138 973 4187 Bericht
989 4139 1160 4204 Apollodors,
1188 4139 1244 4190 dass
1262 4157 1320 4190 man
1339 4142 1396 4192 eine
1414 4143 1512 4193 direkte

252 4224 419 4288 Entlehnung
436 4228 609 4279 anzunehmen
629 4243 786 4292 gezwuugen
804 4229 844 4280 ist.
882 4228 923 4277 Da
947 4229 1024 4276 Istros
1050 4245 1100 4277 von
1118 4229 1339 4294 Mythographen,
1368 4230 1409 4281 die
1433 4233 1513 4296 Apol·

252 4313 326 4363 lodor
344 4314 422 4364 nither
439 4313 524 4378 lagen,
546 4315 593 4364 wie
611 4316 747 4380 Dionysios
766 4317 979 4381 skytobrachion,
1000 4317 1208 4382 ausgeschrieben
1227 4317 1268 4380 ist,
1293 4334 1322 4368 so
1342 4318 1425 4368 durfte
1448 4319 1512 4382 hier,

250 4403 296 4452 wie
314 4403 349 4451 im
367 4403 457 4468 Hygin
478 4419 525 4452 nur
543 4403 682 4452 mittelbare
700 4405 851 4469 Benutzung
867 4406 1041 4455 enzunehmen
1060 4405 1136 4455 seina

1272 4489 1307 4542 60
