3480 5030
802 492 989 557 ..7-

267 666 338 709 raro
369 647 498 728 quidem
525 646 661 727 Dionysi
692 647 863 709 narrationi
893 647 979 728 apud
1003 647 1184 708 Diodorum
1214 647 1351 709 insertae
1379 623 1456 719 sini,
1485 645 1527 707 ad

266 750 577 833 Scytobrachionem
601 751 784 814 referendas
806 772 886 814 esse.
1336 837 1337 840 Ἴ

351 857 441 920 Haec
463 867 537 920 sunt
559 859 640 920 vasti
663 857 812 931 aedificii,
847 856 935 936 quod
957 856 1126 918 Eduardus
1150 855 1314 919 Schwartz
1336 858 1526 928 construxit,
1591 922 1593 925 .

266 981 331 1023 non
358 963 401 1025 ita
431 964 558 1044 amplae
590 963 851 1028 substructiones.
896 959 989 1041 Quae
1019 981 1117 1042 quam
1143 961 1265 1024 solidae
1290 962 1367 1036 sint,
1399 962 1526 1024 iamiam

266 1069 498 1131 examinemus¹
543 1067 720 1130 Videamus
743 1068 837 1143 enirn,
861 1087 926 1147 quo
949 1068 1014 1129 iure
1037 1068 1094 1128 viri
1114 1067 1201 1128 docti
1216 1065 1526 1148 Scytobrachionem

266 1175 513 1254 grammaticum
560 1174 678 1236 ducant
725 1183 758 1236 et
799 1172 967 1253 diligenter
1013 1192 1088 1234 eum
1132 1171 1312 1235 fabularum
1356 1172 1527 1234 varietates

268 1278 436 1360 collegisse
459 1289 627 1354 censeant,
653 1299 732 1360 quas
755 1277 944 1358 mythorum
967 1277 1138 1340 narrationi
1162 1297 1238 1340 suae
1261 1278 1402 1358 ineptae,
1428 1298 1526 1359 quam

267 1393 384 1446 vocant
406 1385 513 1459 iidem,
538 1385 732 1447 adnecteret.
1171 1463 1173 1466 ι

352 1487 426 1569 Qua
449 1491 570 1553 ratione
594 1489 717 1553 fabulas
741 1474 907 1552 enarrandi
929 1488 1105 1570 Dionysius
1129 1487 1343 1568 Mytilenaeus
1374 1510 1448 1551 usus
1477 1491 1528 1558 sit,

268 1592 370 1658 facete
402 1605 435 1658 et
465 1596 570 1678 lepide
600 1597 626 1657 F
629 1596 779 1658 ridericus
803 1593 841 1659 G.
865 1593 1018 1657 Welcker
1048 1594 1078 1655 in
1106 1593 1205 1668 libr0,
1238 1614 1333 1676 quem
1364 1596 1404 1656 de
1434 1596 1529 1676 cyclo

267 1700 360 1780 epico
388 1701 516 1782 scripsit
537 1702 571 1763 Ι2
601 1723 632 1784 p.
656 1719 696 1783 77
719 1721 786 1782 sq..
818 1700 1008 1783 explicavit;
1038 1701 1095 1766 sed
1125 1719 1183 1762 acu
1212 1719 1280 1760 rem
1310 1701 1452 1781 tetigisse
1481 1703 1530 1763 vir

268 1806 529 1892 incomparabilis
567 1807 642 1870 mihi
676 1827 739 1870 non
772 1807 905 1868 videtur.
963 1803 1044 1866 Cum
1083 1814 1192 1867 autem
1229 1825 1358 1878 omnes,
1399 1808 1451 1887 qui
1489 1809 1529 1870 dc

269 1909 547 1990 Scytobrachione
570 1923 720 1994 egerunt,
751 1911 991 1975 aedificaverint
1012 1911 1103 1990 quasi
1126 1911 1157 1972 in
1180 1909 1389 1973 fundamento
1413 1913 1442 1973 in
1465 1912 1527 1974 hoc

268 2014 401 2086 Diodori
430 2017 503 2079 loco
527 2018 591 2098 (III,
622 2019 672 2081 66⁸
706 2033 740 2098 5,
771 2019 819 2099 6):
944 2014 1090 2094 »διέξιμεν
1112 2016 1143 2077 ἐν
1174 2016 1345 2099 κεφαλαίοις
1375 2017 1413 2076 τὰ
1445 2017 1527 2100 παρὰ

267 2126 330 2192 τοῖς
362 2121 483 2200 Λίβυσι
517 2121 660 2204 λεγόμενα
696 2124 746 2184 καὶ
788 2123 937 2206 Διονυσίῳ
976 2124 1018 2212 τῷ
1053 2121 1265 2204 συνταξαμένῳ
1303 2122 1358 2194 τὰς
1397 2125 1528 2195 παλαιὰς

267 2227 462 2304 μυθοποιίας.
504 2221 591 2301 οὗτος
611 2230 668 2311 γὰρ
690 2230 729 2291 τά
751 2251 782 2290 τε
805 2230 872 2312 περὶ
895 2229 947 2289 τὸν
970 2227 1117 2290 Διόνυσον
1139 2228 1189 2288 καὶ
1212 2228 1266 2299 τὰς
1283 2223 1459 2307 Ἀμαζόνας,
1484 2227 1526 2290 ἔτι

268 2329 302 2391 δὲ
321 2333 391 2404 τοὺς
408 2329 610 2414 Ἀργοναύτας
638 2335 759 2408 καὶτὰ
787 2336 865 2395 κατὰ
895 2335 947 2395 τὸν
967 2331 1096 2394 Ἰλιακὸν
1125 2332 1254 2411 πόλεμον
1276 2333 1455 2415 πραχθέντα
1476 2336 1526 2395 καὶ

269 2433 353 2496 πολλ’
377 2435 463 2520 ἕτερα
488 2438 701 2516 συντέτακται,
731 2441 914 2522 παρατιθεὶς
936 2440 974 2500 τὰ
996 2439 1151 2518 ποιήματα
1174 2447 1235 2499 τῶν
1257 2440 1390 2521 ἀρχαίων
1412 2448 1473 2500 τῶν
1495 2463 1527 2500 τε
1571 2475 1595 2522 ¹,
1633 2436 1635 2494 l

268 2541 451 2623 μυθολόγων
472 2544 523 2604 καὶ
546 2553 606 2606 τῶν
628 2553 787 2625 ποιητῶν,«
814 2547 911 2608 etiam
935 2565 995 2608 nos
1016 2566 1091 2608 eum
1110 2545 1249 2626 primum
1264 2555 1447 2622 tractemus,
1470 2548 1527 2608 sed

270 2647 322 2720 ita,
347 2658 391 2722 ut,
417 2659 590 2732 antequam
614 2653 654 2713 ad
678 2652 783 2732 ipsum
806 2652 1006 2725 accedamus
1030 2659 1133 2714 totam
1148 2651 1230 2713 hanc
1245 2648 1315 2712 libri
1330 2651 1375 2712 Ill
1394 2652 1527 2714 Diodori

270 2763 395 2833 partem
418 2757 596 2819 accuratius
619 2756 832 2838 inspiciamus.

354 2860 548 2941 Dionysium
568 2862 663 2944 igitur
680 2860 991 2942 Scytobrachionem
1007 2871 1136 2924 secutus
1151 2861 1206 2924 llI.
1222 2862 1347 2943 68-73
1364 2863 1527 2924 Diodorus

269 2984 324 3027 eas
348 2963 470 3028 fabulas
495 2967 604 3041 refert,
640 2987 720 3048 quas
742 2967 863 3048 Libyes
886 2969 926 3030 de
947 2967 1065 3030 Libero
1094 2968 1219 3030 tradere
1242 2966 1389 3030 affirmat.
1435 2966 1527 3048 Quae

269 3068 397 3132 fabulae
415 3081 490 3133 ante
505 3071 685 3135 Alexandri
701 3072 811 3153 Magni
834 3081 974 3136 aetatem
997 3073 1113 3134 exoriri
1137 3093 1200 3134 non
1215 3083 1398 3154 potuerunt.
1443 3074 1527 3135 Nam

271 3193 310 3235 ne
340 3173 489 3249 afferam,
524 3186 597 3238 ante
632 3177 685 3239 illa
715 3187 863 3259 tempora
894 3180 1024 3242 omnino
1054 3188 1121 3240 tam
1152 3179 1276 3258 ineptas
1306 3179 1455 3241 historias
1485 3200 1527 3242 ex
1573 3191 1637 3263 Ort

270 3280 394 3360 graecis
417 3289 449 3342 et
472 3280 615 3344 barbaris
638 3281 752 3344 sabulis
775 3293 927 3346 consutas
957 3294 989 3347 et
1018 3287 1060 3346 ad
1089 3282 1268 3346 communis
1291 3284 1375 3346 vitae
1397 3305 1527 3347 consue·

271 3384 413 3446 tudinem
437 3387 583 3449 redactas
606 3387 708 3450 nullas
732 3387 843 3463 fuisse,
874 3388 1037 3452 Bacchum
1067 3410 1131 3451 non
1163 3389 1193 3450 in
1216 3390 1339 3452 Indiam
1362 3392 1526 3473 migrasse,

270 3488 367 3552 Liber
390 3491 475 3572 apud
499 3491 810 3574 Scytobrachionem
834 3495 916 3558 filius
946 3504 995 3557 est
1017 3495 1205 3570 Ammonis,
1236 3496 1317 3559 sicut
1339 3496 1528 3561 Alexander

270 3593 352 3657 filius
375 3595 460 3658 lovis
483 3599 656 3662 Ammonis
679 3600 903 3683 putabatur4);
938 3621 1090 3683 magnam
1121 3601 1195 3665 facit
1226 3604 1465 3685 expeditionem
1496 3607 1526 3667 in

355 3837 378 3904 4)
407 3840 506 3890 Curtius
524 3843 560 3890 IV
582 3855 628 3906 32:
662 3845 713 3893 »Ac
737 3853 790 3894 tum
814 3845 917 3910 quidem
942 3861 1027 3910 regem
1050 3850 1154 3913 propius
1172 3850 1307 3900 adeuntem
1325 3852 1448 3901 maximus
1467 3861 1526 3901 natu

269 3943 282 3974 e
300 3927 474 3978 sacerdotibus
492 3930 571 3980 filium
585 3932 705 3997 appellat,
723 3934 773 3982 hoc
792 3949 884 3982 nomen
902 3933 925 3983 ei
943 3942 1073 3998 parentem
1086 3938 1174 3987 Iovem
1186 3939 1291 3989 reddere
1306 3939 1443 3990 affirmans.
1481 3942 1527 3990 llle

269 4031 295 4063 se
314 4032 374 4064 vero
392 4024 417 4064 et
435 4018 547 4082 accipere
567 4021 600 4069 ait
617 4031 643 4070 et
660 4036 811 4086 agnoscere,
835 4023 961 4072 humanae
979 4024 1053 4074 sortis
1072 4026 1173 4077 oblitus.
1210 4028 1341 4079 Consuluit
1358 4029 1466 4088 deinde,
1495 4045 1527 4079 an

269 4103 345 4152 totius
363 4104 431 4153 orbis
449 4105 580 4170 imperium
599 4109 656 4159 latis
674 4109 721 4158 sibi
741 4111 877 4162 destinaret
895 4117 982 4178 pater?
1019 4115 1107 4179 Aeque
1133 4115 1158 4163 in
1183 4116 1353 4168 adulationem
1373 4118 1528 4183 compositus

269 4199 389 4240 terrarum
407 4194 519 4243 omnium
537 4204 659 4246 rectorem
679 4197 731 4247 fore
750 4203 875 4250 ostendit«
899 4238 1012 4254 .....
1048 4205 1152 4253 Prorsus
1176 4206 1242 4253 idem
1267 4206 1358 4270 legitur
1375 4207 1400 4255 in
1418 4207 1527 4256 Diodori

267 4277 284 4326 l.
306 4279 392 4328 XVII.
414 4297 434 4331 c.
455 4292 495 4345 51.

352 4368 431 4418 Recte
454 4369 487 4418 de
511 4371 548 4420 his
567 4372 673 4437 Dionysi
698 4376 787 4426 fabulis
811 4379 906 4429 iudicat
927 4380 1062 4429 Eduardus
1083 4384 1169 4447 Meyer
1196 4383 1221 4431 in
1241 4383 1323 4432 lexico
1344 4385 1526 4448 mythologice,

266 4454 336 4516 quod
355 4455 406 4505 edit
424 4458 551 4509 Roscher:
574 4478 600 4526 p.
622 4460 681 4522 288,
702 4475 759 4528 291.
