3480 5030
791 397 1005 482 -444

264 587 365 648 quam
394 567 558 633 Diodorus
586 591 629 633 ex
656 571 802 636 Matridis
832 574 979 636 encomio
1009 576 1164 656 sumpsit,
1204 596 1277 638 cum
1308 576 1526 658 Apollodoro.

264 673 340 756 lpse
363 694 543 756 compares,

428 802 535 853 Diodor.
554 804 600 854 IV.
621 816 661 853 11.
681 816 711 867 3:
1089 804 1152 855 bibl.
1170 822 1196 870 p.
1215 807 1283 871 541.
1302 807 1347 858 28:

321 925 326 938 .
339 890 489 960 ..πρῶτον
501 889 597 956 ἔλαβεν
610 887 702 944 ἆθλον
713 885 878 942 ἀποκτεῖναι
963 893 1077 960 πρῶτον
1094 891 1148 962 μέν
1167 887 1218 946 οὖν
1235 894 1366 957 έπέταξεν
1382 896 1456 964 αὐτῷ
1474 899 1530 950 τοῦ

265 970 315 1027 τὸν
327 977 358 1029 έν
369 981 464 1046 Νεμέα
479 981 585 1031 λέοντα.
612 971 694 1037 οὗτος
712 977 743 1030 δὲ
760 981 878 1049 μεγέθει
911 981 1022 1049 Νεμέου
1032 980 1143 1038 λέοντος
1150 975 1201 1045 τὴν
1208 979 1433 1056 δορὰνκομίζειν.
1441 987 1525 1039 τοῦτο

261 1063 318 1134 μέν
333 1062 474 1136 ὑπερφυὴς
485 1057 526 1132 ἦν,
546 1061 668 1139 όῖτρωτος
679 1065 708 1117 δέ
724 1058 761 1118 ὧν
773 1060 876 1134 σιδήρῳ
912 1065 944 1119 δέ
965 1067 1034 1136 ζῷον
1053 1063 1088 1134 ἦν
1108 1060 1233 1140 ἄτρωτον
1244 1105 1251 1121 .
1264 1107 1291 1121 ..

263 1154 311 1204 καὶ
334 1147 431 1222 χόλκῳ
456 1156 503 1206 καὶ
528 1157 600 1222 λίθῳ
628 1156 675 1223 τῆς
700 1151 770 1205 κατὰ
793 1158 876 1226 χεῖρα
964 1152 1008 1220 (ei.
1026 1157 1096 1220 Hyg.
1114 1169 1148 1220 30
1167 1193 1174 1208 .
1193 1194 1200 1208 .
1222 1159 1349 1209 ‚leonem
1368 1161 1524 1212 Nemeaeum

262 1242 427 1310 βιαζομένης
444 1242 611 1310 προσεδεῖτο
631 1235 753 1310 ἀνάγκης
765 1277 771 1290 .
784 1277 811 1292 ..
907 1249 1035 1293 atrorum.
1055 1279 1063 1295 .
1080 1281 1087 1294 .
1107 1241 1175 1311 [cod.
1196 1247 1231 1296 F:
1252 1263 1281 1296 ac
1299 1255 1408 1313 tropum,
1423 1252 1522 1304 emend.

907 1328 1091 1398 Commelinus]
1111 1333 1228 1399 necavit.)

313 1432 341 1488 Ὀ
363 1431 392 1488 δ’
410 1431 547 1506 Ἡρακλῆς
570 1433 741 1501 καταντήσας
759 1435 806 1488 ἐπὶ
824 1435 874 1488 τὸν
959 1455 984 1503 p.
1009 1448 1055 1504 55,
1084 1441 1102 1492 l.
1128 1451 1157 1506 52
1268 1444 1316 1494 καὶ
1345 1439 1396 1496 τὸν
1424 1448 1522 1499 λέοντα

262 1520 356 1577 τόπον
393 1526 566 1593 προσέβαλεν
602 1524 692 1592 αὐτῷ,
735 1527 783 1577 καὶ
823 1526 874 1576 τοῦ
907 1522 1066 1596 μαστεύσας
1100 1522 1225 1589 ἐτόξευσε
1261 1530 1388 1601 πρῶτον·
1423 1529 1460 1587 ὥς
1489 1533 1521 1580 δὲ

261 1616 362 1684 θηρίου
381 1607 582 1683 συμφυγόντος
608 1615 647 1671 εἰς
671 1609 722 1677 τὴν
748 1606 873 1683 διώρυχα
908 1613 1016 1683 ἔμαθεν
1044 1608 1169 1686 ἄτρωτον
1196 1610 1277 1676 ὅντα,
1305 1610 1522 1687 ἀνατεινάμενος

259 1703 481 1754 συνακολουθῶν
499 1701 638 1769 αὐτῷκαὶ
656 1697 689 1754 τὸ
708 1699 801 1771 ἕτερον
819 1702 874 1752 τῶν
908 1696 940 1753 τὸ
952 1695 1078 1769 ῥόπαλον
1092 1703 1201 1757 ἐδίωκε·
1221 1697 1422 1774 συμφυγόντος
1437 1702 1468 1755 δέ
1481 1707 1521 1763 εἰς

261 1794 385 1861 στομίων
406 1785 549 1862 ἐμφράξας
572 1783 728 1855 συνεπλάκη
752 1792 799 1842 καὶ
823 1784 873 1842 τόν
908 1785 1092 1860 ἀμφίστομον
1110 1785 1248 1857 σπήλαιον
1274 1790 1325 1857 τὴν
1347 1790 1402 1862 μέν
1424 1791 1519 1862 έτέραν

258 1877 366 1946 αὐχένα
379 1883 498 1949 σφίγξας
510 1883 567 1938 τοῖς
584 1881 731 1948 βραχίοσιν
750 1874 872 1932 ἆπέπνι-
906 1872 1130 1950 οἷπῳκοδόμησεν
1147 1878 1266 1943 εἴσοδον,
1285 1875 1332 1931 διὰ
1353 1876 1384 1931 δὲ
1402 1881 1449 1944 τῆς
1466 1879 1519 1933 έτέ-

258 1969 312 2028 ξεν.
907 1985 957 2038 ρας
973 1966 1079 2031 ἐπῆλθε
1098 1965 1136 2035 τῷ
1151 1972 1249 2038 θηρίῳ,

874 2087 875 2090 ’
905 2076 952 2125 καὶ
984 2077 1111 2144 περιθεὶς
1138 2077 1188 2143 τὴν
1216 2080 1299 2145 χεῖρα
1328 2078 1366 2144 τῷ
1391 2071 1518 2147 τραχήλῳ

904 2163 1038 2232 κατέσχεν
1056 2155 1153 2231 ἄγχων
1170 2162 1222 2222 ἕως
1233 2163 1350 2225 ἔπνιξεν.

310 2273 362 2340 τὴν
372 2273 404 2327 δὲ
415 2269 503 2342 δορὰν
513 2269 600 2328 αὐτοῖ
609 2278 806 2347 περιθέμενος.
815 2271 871 2338 affl)
956 2273 1026 2336 Hyg.
1040 2285 1090 2334 30.
1103 2309 1110 2323 .
1124 2308 1132 2325 .
1150 2272 1221 2322 cuius
1234 2270 1280 2338 (sc.
1291 2272 1373 2323 leonis
1385 2271 1516 2338 Nemeaei)

904 2360 998 2424 pellem
1015 2377 1061 2425 pro
1081 2368 1227 2425 tegumento
1245 2361 1341 2412 habuit.

343 2467 438 2530 Aliae
472 2489 550 2531 vero
590 2470 778 2533 narrationis
819 2476 943 2548 parteS,
989 2487 1087 2550 quam
1120 2467 1285 2533 Diodorus
1321 2489 1339 2530 e
1371 2467 1516 2532 Matridis

254 2573 407 2634 encomio
430 2575 614 2655 descripsit,
645 2596 664 2637 a
693 2573 942 2654 mythographis
965 2571 1087 2634 alienae
1109 2583 1199 2648 sunt,
1229 2573 1318 2636 velut
1347 2573 1514 2654 proelium,

253 2677 344 2756 quod
361 2677 519 2742 Hercules
543 2688 654 2742 contra
668 2679 855 2740 Amazones
871 2678 1033 2740 commisit
1055 2679 1093 2757 (c.
1117 2677 1166 2757 16)
1175 2677 1226 2757 58).
1257 2677 1370 2757 Itaque
1392 2689 1515 2741 certum

255 2781 405 2844 iudicium
439 2784 481 2846 de
514 2781 659 2846 Matridis
692 2783 834 2846 sontibus
866 2781 1000 2864 proferri
1033 2781 1152 2860 nequit.
1197 2781 1282 2845 Nam
1316 2801 1514 2863 quamquam

255 2886 399 2948 nonnulli
421 2888 489 2951 eius
511 2887 647 2950 encomii
670 2887 732 2950 loci
755 2909 774 2950 a
794 2885 1042 2968 mythographis
1055 2904 1159 2967 prope
1174 2886 1301 2962 absunt,
1324 2896 1433 2950 tamen
1448 2909 1514 2952 non

253 2991 331 3053 licet
359 2992 525 3074 suspicari,
559 2991 731 3056 Matridem
754 2992 889 3055 sortasse
912 2989 1141 3070 compendium
1165 2989 1308 3054 fabulare
1330 2994 1454 3069 adiisse,
1479 3005 1514 3058 ut

255 3097 422 3158 materiem
460 3097 632 3158 commode
670 3097 730 3160 sibi
763 3104 981 3178 compararet.
1017 3095 1049 3156 in
1086 3114 1151 3175 qua
1186 3099 1374 3162 exornanda
1409 3109 1513 3162 artem

252 3201 449 3264 ostenderet.
482 3199 560 3262 Veri
576 3201 720 3264 similiter
736 3202 882 3275 affinitas
904 3219 987 3279 quae
1002 3201 1084 3261 inter
1099 3199 1262 3263 rhetorem
1278 3212 1311 3264 et
1325 3206 1512 3283 posterioris

252 3304 368 3367 aetatis
390 3303 651 3386 mythographos
674 3306 841 3368 intercedit
863 3304 1055 3386 explicanda
1078 3313 1127 3366 est
1150 3325 1207 3382 en,
1238 3308 1326 3384 quod
1356 3318 1389 3370 et
1418 3309 1449 3370 hi
1479 3321 1512 3374 et

250 3410 304 3470 ille
327 3409 467 3470 eundem
489 3418 655 3472 auctorem
678 3411 766 3473 velut
787 3410 1008 3490 Pherecydem
1030 3409 1132 3471 secuti
1154 3419 1237 3476 sunt.

339 3645 375 3713 Μ)
403 3648 444 3698 Cf.
462 3649 550 3713 Eun'p.
570 3647 688 3698 Herculis
705 3665 729 3696 v.
747 3647 805 3712 362.

338 3733 375 3801 ⁶⁸)
402 3736 507 3786 Initium
525 3736 615 3800 capitis
639 3736 669 3785 16
688 3737 742 3800 ipse
759 3736 889 3786 Diodorus
907 3734 1077 3800 interpolavit,
1098 3741 1125 3783 ut
1143 3734 1231 3800 aliquo
1247 3738 1348 3787 vinculo
1366 3741 1510 3792 adnecteret

250 3825 390 3890 epitomem
402 3824 512 3889 Dionysi
526 3823 749 3888 Scytobrachionis
771 3823 1009 3889 Argonauticorum,
1028 3839 1104 3888 quam
1123 3839 1145 3874 c.
1159 3835 1259 3890 40—55
1279 3827 1397 3877 Herculis
1415 3828 1509 3881 fabulis

251 3913 333 3965 addit.
368 3914 408 3962 Ex
426 3913 517 3962 eodem
535 3913 641 3962 consilio
660 3927 682 3963 c.
699 3926 732 3976 32
751 3912 875 3961 nonnulla
895 3911 1004 3974 Dionysi
1026 3911 1133 3961 frustula
1157 3911 1326 3979 interpolavit.
1354 3917 1420 3967 Vide
1438 3921 1509 3983 quod

251 4001 316 4050 infra
338 4001 532 4066 disputabimus.
