3480 5030
753 397 962 459 ,43-

231 550 281 612 vel
304 550 475 612 Matridem
498 551 583 612 idem
606 560 672 624 est,
705 551 758 632 qui
789 552 820 612 in
847 551 1044 614 hexametris
1070 548 1200 612 tabulae
1222 543 1436 608 Farnesianae
1450 527 1502 608 ³et.

231 665 305 718 ante
339 653 511 736 Sophoclis
542 653 729 716 Trachinias
765 666 862 735 atque
895 677 996 736 usque
1029 656 1070 718 ad
1104 653 1264 716 decimum
1296 648 1426 730 quidem
1461 648 1491 710 in

232 760 354 840 Hygini
384 759 492 822 fabula
523 777 562 838 30
572 753 622 841 ⁵7³).
667 760 786 824 Nescio
807 770 932 836 autem,
956 782 997 824 an
1019 760 1156 822 multum
1178 756 1241 818 hoc
1267 764 1491 836 argumentum

233 865 347 938 valeat,
368 865 520 944 quoniam
535 866 615 926 ordo
631 864 683 926 ille
700 864 835 928 sortasse
851 867 1025 946 antiquitus
1047 863 1225 927 constabat.
1270 861 1355 923 Nam
1383 862 1413 923 in
1436 862 1493 924 So-

234 970 359 1052 phoclis
381 970 569 1042 Trachiniis,
603 990 631 1030 v.
660 986 742 1048 1090
763 989 834 1050 sqq.
859 971 969 1033 itidem
991 961 1215 1033 enumerantur
1237 967 1360 1048 proelia
1382 981 1494 1034 contra

235 1078 362 1140 leonem
384 1075 593 1150 Nemeaeum,
616 1073 755 1153 hydram
777 1074 966 1148 Lernaeam,
991 1095 1104 1155 aprum
1116 1072 1372 1153 Erymanthium,
1397 1085 1494 1155 atque

236 1192 305 1245 tum
339 1181 516 1244 indicantur
545 1180 638 1243 labor
671 1179 857 1240 undecimus
887 1186 919 1239 et
941 1179 1150 1240 duodecimus
1171 1177 1315 1240 versibus
1344 1182 1422 1258 1098
1445 1201 1492 1260 sq.

238 1296 270 1349 et
296 1302 391 1360 11003
414 1287 472 1347 sed
495 1285 665 1364 Euripides
686 1303 818 1364 prorsus
841 1281 903 1344 alio
930 1278 1040 1344 ordine
1061 1282 1208 1345 Herculis
1231 1281 1371 1344 facinora
1390 1285 1495 1364 primo

237 1390 390 1453 Herculis·
409 1389 535 1451 fabulae
559 1391 692 1450 stasimo
715 1387 865 1450 celebrat.
1486 1455 1488 1458 ¹

324 1494 478 1576 Singulae
495 1514 572 1555 vero
596 1491 767 1554 nonnullae
790 1512 841 1553 res
860 1511 880 1552 a
895 1491 1033 1553 Matride
1049 1492 1164 1553 eodem
1185 1490 1283 1552 modo
1307 1490 1493 1567 referuntur,

239 1613 303 1673 quo
337 1596 369 1656 in
391 1594 595 1656 bibliotheca.
639 1595 740 1657 Velut
762 1596 898 1659 Pholum
921 1593 1116 1658 Centaurum
1139 1615 1209 1656 esse
1233 1603 1394 1657 mortuum
1417 1598 1495 1661 Her·

239 1699 317 1761 culis
340 1700 457 1779 sagitta
479 1697 697 1773 vulneratum,
734 1721 797 1781 qua
826 1721 868 1762 ex
898 1701 1053 1761 cadavere
1076 1697 1227 1761 Centauri
1255 1701 1419 1762 cuiusdam
1442 1723 1494 1764 ex-

240 1811 342 1864 tracta
372 1805 497 1884 seipse
526 1823 601 1864 casu
625 1803 783 1879 laesisset,
819 1805 904 1886 apud
928 1804 1156 1884 Diodorumffl)
1188 1825 1214 1865 c.
1242 1819 1278 1864 12
1309 1806 1371 1884 §8
1403 1815 1435 1868 et
1465 1809 1495 1868 in

240 1906 435 1970 bibliotheca
455 1918 607 1990 corrupto
629 1910 759 1992 quidem
782 1909 854 1972 loco
878 1931 909 1991 p.
937 1912 974 1988 58
998 1909 1017 1977 l.
1044 1926 1055 1970 1
1081 1929 1153 1989 sqq.
1176 1909 1300 1988 legitur.
1347 1909 1495 1974 Chironis

242 2022 379 2075 mortem
404 2014 455 2096 (12
479 2018 499 2093 ξ
524 2016 554 2095 8)
577 2014 740 2076 Diodorus
771 2014 839 2095 ipse
861 2015 980 2077 addere
1002 2015 1144 2088 videtur,
1177 2015 1251 2095 quia
1272 2015 1301 2075 in
1326 2014 1413 2077 fonte
1437 2037 1497 2078 suo

241 2117 513 2200 mythographico
537 2118 684 2182 Chironis
707 2140 795 2181 mors
817 2119 878 2181 hac
900 2120 1069 2182 occasione
1094 2130 1221 2182 narrata
1247 2129 1330 2192 erat,
1361 2121 1443 2182 sicut
1466 2123 1497 2182 in

240 2224 434 2287 bibliotheca
462 2245 492 2304 p.
522 2238 578 2306 57,
611 2224 630 2286 l.
662 2240 703 2285 20
732 2244 804 2305 sqq.
847 2223 1016 2288 Praeterea
1050 2227 1136 2306 apud
1166 2234 1338 2306 utrumque
1366 2225 1497 2288 Herculi

241 2329 385 2391 Minerva
408 2331 462 2392 dat
485 2328 604 2406 πέπλον,
627 2329 794 2392 Vulcanus
817 2328 964 2404 loricam,
989 2330 1165 2392 Mercurius
1193 2330 1350 2410 gladium,
1374 2330 1499 2411 Apollo

242 2454 352 2494 arcum
376 2434 482 2515 (Diod.
511 2455 538 2496 c.
566 2451 604 2510 14
626 2437 646 2514 ξ
671 2451 687 2513 3
711 2463 753 2488 =
775 2433 851 2498 bibl.
881 2454 911 2514 p.
939 2447 993 2512 54,
1023 2435 1042 2498 l.
1071 2435 1222 2517 12-15);
1254 2435 1358 2499 verbis
1389 2445 1498 2497 autem

247 2534 395 2621 »ῥόπαλον
430 2537 486 2617 μὲν
521 2540 578 2621 γὰρ
610 2540 701 2611 αὐτὸς
729 2538 831 2617 ἔτεμεν
858 2536 889 2598 ἐκ
921 2536 1059 2617 Νεμέαςα
1093 2539 1317 2621 Apollodorus
1354 2561 1498 2620 pugnare

243 2645 368 2706 videtur
390 2655 501 2707 contra
523 2665 589 2718 eos,
614 2646 667 2724 qui
690 2647 772 2706 sicut
787 2645 899 2707 Matris
915 2645 1011 2706 etiam
1031 2644 1108 2706 illud
1127 2635 1310 2706 aVulcaho
1325 2645 1499 2708 Herculem

243 2750 405 2832 accepisse
428 2745 601 2812 dicebant.
632 2747 800 2812 Consentit
822 2758 899 2811 ver‘o
923 2748 1016 2829 primi
1040 2749 1185 2810 Herculis
1207 2749 1326 2814 laboris
1350 2751 1499 2824 narratio,

330 3005 363 3070 ⁵¹⁵)
391 3005 572 3070 Mythographi
595 3005 740 3069 posterioris
762 3005 849 3054 aetatis
866 3005 985 3052 Herculis
1008 3005 1040 3053 ad
1058 3005 1151 3053 inferos
1170 3005 1316 3054 descensum
1334 3005 1502 3070 ultimoloco

246 3095 361 3152 tradunt,
388 3093 440 3142 sive
462 3093 587 3157 quiahoc
606 3093 703 3142 lacinus
721 3092 834 3141 omnium
852 3093 989 3142 maximum
1008 3095 1144 3158 putabant,
1166 3093 1218 3140 sive
1237 3092 1364 3156 Euripidis
1385 3095 1502 3143 Herculis

246 3180 387 3246 argumenti
411 3196 542 3231 memores.
578 3180 696 3229 Ceterum
719 3180 744 3228 in
770 3181 926 3230 bibliotheca
949 3181 1077 3245 expeditio
1096 3182 1213 3230 Herculis
1237 3182 1263 3230 in
1286 3180 1391 3230 deorum
1415 3183 1503 3232 hortos

246 3271 278 3318 ad
297 3269 451 3333 Hesperides
469 3269 559 3317 ultimo
577 3269 636 3317 loco
654 3268 716 3317 olim
734 3269 799 3317 lecta
817 3276 862 3319 est.
898 3269 963 3318 Vide
981 3270 1048 3318 enim
1066 3270 1191 3318 scholium
1211 3273 1241 3322 Θ.
1261 3268 1310 3332 368
1328 3267 1371 3334 (A,
1386 3271 1415 3332 B,
1430 3270 1466 3337 D)

359 3358 438 3408 schol.
460 3359 492 3409 Θ.
512 3355 561 3420 368
581 3354 625 3420 (A,
639 3350 679 3416 B,
699 3355 751 3421 D):
1068 3359 1131 3409 bibl.
1150 3375 1175 3422 p.
1195 3361 1235 3419 64.
1256 3358 1273 3407 l.
1293 3357 1320 3405 6:

301 3448 491 3498 Τελεσθέντων
507 3440 673 3512 Ἡρακλέους
705 3439 800 3497 ἄθλων
827 3445 857 3497 έν
946 3446 1137 3498 Τελεσθέντων
1156 3445 1186 3496 δέ
1206 3446 1261 3496 τῶν
1276 3439 1374 3496 ἄθλων
1392 3446 1421 3497 έν
1435 3447 1503 3516 μηνὶ

245 3538 314 3606 μηνὶ
334 3537 381 3586 καλ
401 3534 489 3588 ἔτεσιν
509 3530 588 3596 ὀκτώ,
608 3532 647 3602 μὴ
668 3526 857 3604 προσδεξαμε-
892 3537 937 3586 καὶ
969 3533 1057 3586 ἔτεσιν
1086 3530 1173 3595 ὀκτώ,
1209 3532 1247 3602 μὴ
1281 3527 1505 3605 προσδεξάμενος

246 3622 321 3686 vost)
332 3619 494 3694 Εὐρυσθεὺς
512 3617 560 3673 τόν
573 3640 603 3675 τε
615 3623 671 3674 τῶν
683 3616 857 3691 τοῦΑὐνέου
891 3607 1054 3694 Εὐρυσδεδς
1085 3617 1134 3674 τόν
1166 3640 1195 3674 τε
1225 3624 1282 3674 τῶν
1311 3622 1362 3674 τοῦ
1392 3618 1511 3692 Αἰνέαν

247 3706 461 3783 βοσκημάτων)
478 3714 524 3763 καλ
545 3706 595 3762 τὸν
613 3713 659 3776 τῆς
672 3705 784 3782 Ὕδρας,
804 3710 856 3764 ἑν·
891 3705 1073 3780 βοσκημάτων
1099 3714 1144 3760 καλ
1169 3709 1219 3762 τὸν
1247 3713 1294 3772 τῆς
1316 3710 1435 3778 Ὕδρας,
1460 3711 1505 3763 ἑν·

249 3799 401 3853 δέκατον
427 3800 592 3858 ἐπέταξεν
619 3794 730 3852 ἆθλον
754 3796 857 3866 αὐτῷ,
894 3798 1010 3851 δέκατον
1039 3794 1130 3851 ἆθλον
1164 3797 1295 3860 ἐπέταξεν
1325 3794 1401 3865 αὐτῷ
1431 3797 1504 3870 παρ’

248 3885 672 3961 τὸνΚέρβερονέξἍεδου
688 3891 858 3958 κομίζειν.
891 3881 1063 3956 Ἐσπερίδων
1078 3889 1171 3956 χρυσᾶ
1189 3889 1264 3957 μῆλα
1283 3893 1466 3954 κομίζειν...

300 3997 320 4060 ¹)
338 3991 567 4067 προσδεχόμενος
579 3997 653 4047 codd.
667 4013 729 4050 corr.
745 4015 776 4048 ex
793 3998 857 4046 bibl.

300 4085 321 4148 2)
338 4086 419 4135 delevi
432 4080 531 4148 ἆθλον,
550 4087 736 4150 Apollodorum
749 4095 858 4136 secutus.

333 4171 370 4238 ⁶⁸)
400 4190 421 4224 c.
442 4187 473 4223 12
497 4172 514 4240 ᾖ
536 4186 549 4237 7
574 4175 645 4224 initio
663 4191 709 4239 pro
727 4169 848 4245 Ἀργεῖος
873 4175 1034 4225 scribendum
1057 4175 1155 4224 videtur
1173 4191 1266 4225 nomen
1290 4170 1409 4248 Ἄγριος,
1436 4180 1506 4243 quod

248 4261 421 4326 Apollodorus
447 4279 471 4326 p.
497 4273 528 4326 57
556 4264 573 4313 l.
602 4276 634 4323 14
659 4263 774 4322 exhibet,
804 4263 908 4338 sortasse
935 4263 1010 4312 etiam
1037 4279 1083 4327 pro
1108 4258 1235 4333 Ἀμφίων
1257 4257 1382 4332 Ἅγχιος·
1419 4267 1507 4316 Petrus

248 4349 392 4413 Wesseling
409 4351 441 4400 de
459 4350 498 4399 his
516 4349 734 4400 emendationibus
752 4351 886 4401 dubitavit.
1270 4341 1277 4358 ¹
