3438 5028
785 392 997 456 -so-

261 545 340 595 schol.
350 545 433 597 Orest.
446 558 497 608 990
510 544 554 610 (C)
582 547 661 597 schol.
671 548 722 612 Ap.
731 547 781 596 Rh.
792 549 813 597 I.
822 558 878 613 752.
939 548 1045 599 Diodor.
1058 550 1104 600 IV.
1124 560 1164 612 73.

284 636 308 678 et
326 631 434 678 Tzetzae
452 631 533 680 schol.

337 714 398 778 Lye.
421 714 477 778 156.

260 1739 344 1802 αὐτὸς
373 1743 404 1797 δέ
435 1736 555 1798 ὄπισθεν

261 1826 385 1884 ἐλαύνων
408 1828 479 1901 μετὰ
506 1825 554 1882 δό-

258 1933 341 1982 ρατος
380 1917 427 1966 καλ
468 1933 554 1967 κατα-

258 1994 411 2070 λαμβάνων
454 1994 555 2058 αὐτοὺς

258 2079 353 2156 ἀνῄρει
361 2083 442 2150 (thz.
451 2080 554 2156 οἶνηρεῐ-

257 2185 288 2218 το
307 2168 357 2234 (3.).

1163 739 1174 782 Ι

903 828 975 878 μαος
988 809 1054 864 ἔθυε
1070 806 1149 883 κριὸν
1161 812 1199 879 τῷ

855 943 859 948 .
903 891 1198 966 Διί,ὃδὲμνηστευό·

851 1029 856 1040 ,
902 997 987 1050 μενος
1017 975 1124 1050 ἐξώρμα
1154 984 1197 1032 τέ-

902 1069 1033 1135 θριππον
1073 1059 1197 1118 ἐλαύνων

903 1143 979 1221 ἅρμα
990 1147 1197 1218 ’ἀγνισθέντων

903 1234 934 1287 δὲ
952 1237 1008 1289 τῶν
1026 1235 1114 1308 ἱερῶν,
1134 1231 1197 1290 τότε

902 1313 1041 1390 ἄρχεσθαι
1065 1323 1117 1374 τοῦ
1134 1317 1197 1391 δρό-

901 1425 959 1478 μου
983 1404 1032 1459 τὸν
1054 1400 1197 1478 Οἰνόμαον

902 1494 948 1543 καλ
990 1488 1101 1545 διώκειν
1147 1489 1197 1544 τὸν

900 1579 1059 1647 μνηστῆρα,
1096 1576 1196 1646 ἔχοντα

901 1656 970 1732 δόρυ
1001 1664 1048 1713 καλ
1078 1656 1196 1730 ἡνίοχον

900 1740 949 1799 τὸν
985 1747 1141 1812 Μυρτίλον.
1170 1747 1196 1797 εἰ

901 1829 925 1883 δ’
957 1831 1084 1902 ἐφίκοιτο
1110 1847 1195 1881 κατοι-

901 1920 994 1982 λαβεῖν
1026 1911 1058 1967 τὸ
1093 1909 1194 1967 διωκό-

899 2019 986 2072 μενον
1010 1993 1099 2070 ἇρμα,
1123 1997 1193 2053 τύπ-

898 2102 955 2138 τειν
974 2087 1011 2152 τῷ
1031 2080 1129 2156 δόρατι
1146 2088 1195 2137 καλ

899 2171 1079 2241 διαφθείρειν
1144 2165 1193 2221 τὸν

897 2257 1050 2327 μνηστῆρα.

395 2350 466 2423 μετὰ
502 2350 552 2421 τὴν
630 2356 790 2411 καλδνεΐλεν
799 2363 871 2427 τρεῖς
947 2354 1036 2424 τούτῳ
1078 2355 1110 2408 δὲ
1152 2355 1189 2422 τῷ

256 2440 312 2492 τῶν
342 2434 448 2494 δώδεκα
482 2427 551 2510 νυμ·
576 2441 870 2517 κοιλδέκαμνηστῆρας,
896 2438 993 2514 τρόπῳ
1037 2441 1103 2500 τοὺς
1147 2435 1190 2492 ἀεὶ

257 2529 332 2595 φίων
350 2521 550 2598 ἀναίρεσιν...
578 2524 613 2587 ὦς
627 2529 769 2599 Πίνδαρος
785 2526 838 2595 (Ol.
857 2532 869 2579 I
923 2529 1167 2598 μνηστευομένους

308 2965 377 3032 αὕτη
395 2966 444 3019 τὸν
463 2970 548 3020 Πέλο-

578 2613 620 2678 79)
640 2615 752 2682 ἱστορεῖ.

896 2607 1120 2683 καταλαμβάνων
1141 2607 1188 2663 διδ

894 2695 945 2764 τὴν
981 2693 1098 2762 ὀξύτητα
1133 2696 1190 2747 τῶν

896 2785 992 2836 ἵππων
1042 2780 1190 2840 Ιπολλούς

826 2859 829 2866 ’
895 2865 997 2941 ἀνῄρει.

628 2963 760 3029 ἐλθόντος
775 2968 807 3022 δέ
820 2980 869 3022 τοῦ

947 2963 1070 3036 Πέλοψὸ
1084 2962 1190 3020 Ταντά-

1271 550 1341 614 Hyg.
1360 549 1412 603 fab.
1430 551 1472 612 84.

1267 2358 1354 2406 multis
1368 2358 1515 2421 interfectis,

1268 2968 1403 3019 novissime
1419 2970 1512 3037 Pelops

256 3070 296 3103 πα
308 3050 407 3106 ἰδοῦσα
417 3049 548 3122 ὡραῖον...
575 3056 705 3114 Πέλοπος
736 3055 783 3108 ἐπὶ
820 3052 871 3109 τὸν
896 3057 944 3105 λου
966 3048 1139 3121 καταντήσας
1151 3057 1190 3113 εἰς
1216 3052 1318 3101 Tantali
1356 3053 1422 3103 filius
1452 3071 1510 3105 eum

257 3136 550 3208 ἐρωτατούτουκατεί-
576 3129 666 3192 ἆθλον
684 3136 755 3210 μετὰ
772 3143 868 3194 ἵππων
894 3143 988 3190 Πῖσαν
1016 3141 1063 3190 καὶ
1086 3137 1188 3193 θεοισύ-
1214 3137 1323 3186 venisset
1367 3146 1392 3188 et
1427 3141 1512 3206 capita

253 3215 548 3288 χετοιιαλ(Ττίτ.ῆ(ἶ.)
576 3222 737 3290 δεδομένων
795 3219 869 3295 αύτῷ
894 3239 977 3292 μενος
989 3222 1040 3289 τὴν
1052 3221 1189 3278 Ἱπποδά·
1214 3221 1325 3278 humana
1336 3239 1411 3288 super
1425 3225 1512 3275 valvas

255 3308 292 3374 τῷ
314 3308 451 3378 Μυρτίλῳ
478 3310 549 3374 φησὶ
578 3305 632 3359 ύττὸ
683 3311 868 3374 Ποσειδῶνος,
893 3325 994 3376 μειαν,
1025 3307 1188 3382 ἐπεθύμησε
1213 3305 1262 3354 fixa
1286 3307 1389 3356 vidisset
1412 3324 1507 3370 eorum,

253 3394 421 3462 συνεργῆσαι
435 3392 474 3460 τῷ
486 3409 547 3444 νεα·
573 3393 724 3460 ἐρασθεῖσα
739 3391 752 3455 ἡ
768 3390 868 3448 Ἶππο·
894 3398 943 3444 τοῦ
964 3387 1067 3462 γάμου.

251 3479 299 3543 υίη
329 3478 368 3534 εἰς
398 3472 449 3541 τὴν
477 3472 547 3528 κατὰ

252 3565 303 3612 τοῦ
320 3556 425 3632 πατρὸς
442 3564 530 3625 νίκην.

599 3474 703 3550 δύμεια
737 3479 845 3533 ἔπεισεν

573 3566 732 3630 Μυρτίλον,
745 3564 796 3618 τὸν
808 3561 868 3637 Ἑρ·

573 3652 630 3717 μοῡ
672 3648 727 3719 μὲν
767 3652 867 3716 παῖδα,

575 3728 778 3801 ἁρματοπηγὸν
836 3738 868 3792 δὲ
904 3786 909 3794 .

573 3818 621 3866 καὶ
647 3813 763 3887 ἡνίοχον
786 3824 867 3876 Οἰνο-

573 3894 663 3968 μάου,
691 3903 868 3976 παρασκευά-

574 3983 865 4060 ΜΜΜΜ

572 4079 772 4145 κατατροχίσαι
819 4073 867 4132 τὸν

573 4161 688 4228 πατέρα,
710 4163 866 4232 βουλομένη

572 4244 679 4295 ηαυπτ
758 4243 866 4319 γήμαι.

572 4333 623 4382 θαι
636 4368 641 4380 .
655 4365 682 4380 ..

1214 3390 1257 3454 qui
1272 3391 1472 3456 Hippodamiam
1484 3397 1511 3444 in

1213 3491 1316 3525 uxorem
1375 3479 1508 3543 petierant,

1214 3561 1342 3624 paenitere
1353 3577 1411 3612 eum
1426 3566 1511 3630 eoepit

1214 3646 1279 3710 regis
1336 3647 1509 3698 crudelitatem

1213 3729 1311 3780 timens.
