3438 5028
739 375 950 442 ,57-

207 529 312 592 etiam
335 529 376 591 ab
399 526 628 609 Aopollodoro
658 527 746 590 velut
768 549 799 609 p.
822 547 863 610 93
887 529 907 592 l.
935 529 973 592 16
996 537 1035 592 et
1061 527 1103 590 ab
1125 528 1259 610 Hygino
1281 528 1471 601 nominatur,

206 635 281 696 eius
304 642 407 696 mater
423 623 690 715 Hypermnestra,
712 632 824 696 Thesti
841 633 914 709 filia,
943 633 985 696 ab
1000 633 1134 715 Hygino
1150 632 1283 696 velutin
1300 631 1406 696 fabula
1421 647 1471 713 70.

207 739 340 802 Eadem
362 738 580 820 Melampodis
602 738 808 821 genealogia,
839 758 938 819 quam
968 736 1065 800 refert
1092 737 1272 813 Diodorus,
1308 736 1471 818 reperitur,

209 843 330 907 exilior
359 843 506 926 quidem,
542 843 572 904 in
602 842 726 906 scholio
754 845 796 906 ad
823 843 988 907 Theocriti
1009 842 1065 910 III.
1087 859 1138 922 43,
1168 842 1257 923 quod
1287 843 1386 905 modo
1408 841 1474 903 Me-

212 949 378 1030 lampodis
401 968 537 1012 uxorem
566 968 631 1012 non
660 947 870 1030 lphianiram,
901 946 1130 1030 Megapenthei
1157 946 1271 1022 filiam,
1303 947 1361 1010 sed
1389 946 1475 1028 Iphi·

210 1074 365 1117 anassam
387 1053 493 1116 Proeti
515 1052 614 1116 filiam
636 1054 789 1116 nominat.
834 1051 933 1134 Quod
956 1074 1033 1116 vero
1062 1073 1122 1134 pro
1144 1051 1267 1114 Μαντώ
1290 1049 1377 1132 apud
1398 1047 1474 1111 Dio·
1522 1067 1523 1070 ’

212 1161 332 1223 dorum
355 1160 386 1220 in
408 1158 531 1220 scholio
555 1157 696 1230 Μάντιος
717 1157 842 1238 legitur,
866 1179 931 1221 non
953 1168 1003 1221 est
1028 1158 1214 1233 discrimen,
1238 1156 1296 1220 sed
1318 1152 1475 1218 escholio

212 1264 381 1327 Diodorus
418 1272 468 1326 est
502 1263 737 1338 emendandus,
782 1284 856 1326 cum
897 1263 1007 1326 itidem
1046 1262 1249 1342 Pherecydes
1287 1263 1318 1323 in
1354 1258 1475 1322 scholio

213 1370 257 1432 N.
284 1369 343 1448 663
367 1367 400 1430 V
423 1368 582 1432 Mantium
605 1368 821 1450 Melampodis
851 1366 952 1430 filium
983 1366 1116 1430 adferat.
1161 1365 1209 1428 Ut
1228 1386 1306 1429 vero
1328 1364 1385 1427 tibi
1407 1383 1475 1444 per·

218 1475 367 1550 suadeas,
391 1492 456 1535 non
478 1471 583 1534 solum
606 1473 731 1553 generis
747 1481 895 1548 stemma,
919 1472 978 1535 sed
993 1473 1090 1534 etiam
1105 1471 1230 1535 fabulas
1252 1491 1322 1533 esse
1345 1468 1476 1531 easdem

213 1579 306 1662 apud
336 1576 480 1640 Siculum
509 1569 542 1639 et
569 1576 784 1641 bibliothecae
813 1587 979 1641 auctorem
1008 1577 1154 1640 conferas
1182 1599 1208 1640 c.
1240 1577 1281 1638 68
1312 1578 1332 1656 ξ
1359 1591 1370 1634 1
1402 1591 1477 1635 cum

217 1684 298 1748 bibl.
328 1705 361 1765 p.
393 1699 432 1762 23
460 1683 480 1746 l.
509 1700 599 1759 1-2,
630 1683 649 1747 l.
678 1702 731 1761 11;
763 1687 826 1764 §2
854 1704 928 1746 cum
957 1682 1035 1746 bibl.
1062 1703 1093 1765 p.
1117 1699 1156 1762 23
1186 1682 1207 1749 l.
1230 1698 1281 1757 22,
1312 1680 1331 1743 l.
1355 1692 1475 1756 4—1o;

216 1794 281 1872 ξς
314 1809 388 1851 cum
417 1787 493 1851 bibl.
523 1808 555 1869 p.
581 1788 662 1868 231.
688 1805 738 1867 24,
763 1805 819 1865 203
850 1809 881 1870 p.
906 1805 948 1866 24
970 1787 989 1850 l.
1017 1787 1149 1865 14416,
1178 1808 1209 1870 p.
1234 1785 1317 1865 231.
1342 1783 1382 1846 26
1405 1802 1476 1865 sqq.

218 1906 282 1960 etc.
338 1894 528 1976 Adpingam
566 1901 675 1956 autem
709 1893 873 1958 Salmonei
908 1892 1066 1968 fabulam,
1103 1912 1201 1972 quam
1232 1908 1428 1972 componam
1461 1907 1479 1948 e

218 2006 358 2071 Diodori
380 2004 400 2068 l.
415 1999 473 2067 IV.
497 2020 525 2061 c.
539 1999 580 2061 68
605 2001 625 2078 ἓ
651 2017 669 2062 2
694 2009 726 2063 et
748 2000 817 2064 libri
832 1999 890 2062 VI.
915 1998 974 2080 frg.
990 2014 1019 2080 7,
1043 1999 1112 2080 4⁰⁸)
1136 1997 1290 2061 collatam
1312 2014 1387 2056 cum
1409 1991 1476 2073 Hy-

219 2113 287 2195 gini
310 2109 418 2174 fabula
443 2107 481 2168 61
507 2113 541 2167 et
562 2102 638 2165 bibl.
663 2127 694 2188 p.
718 2122 758 2185 23
781 2106 800 2168 l.
829 2123 845 2185 3
867 2124 938 2185 sqq.

260 2233 368 2282 prodor.
389 2229 435 2278 111.
453 2227 501 2290 ng.
520 2236 544 2288 7,
564 2238 588 2285 4·
725 2227 789 2276 bin.
809 2242 835 2290 p.
854 2239 885 2288 23
904 2226 922 2276 1.
942 2239 966 2288 3.
1177 2221 1248 2286 Hyg.
1269 2221 1320 2270 rab.
1339 2219 1382 2270 61.

261 2308 625 2385 ὍτιὸΣαλμωνεὺςάσεβὴς
702 2313 832 2384 ὑβριστὴς
865 2312 896 2364 δὲ
931 2308 970 2366 ὧν
1002 2311 1049 2378 (sc.
1129 2309 1279 2360 Salmoneus
1309 2307 1384 2358 Aeoli
1413 2305 1479 2356 filius

224 2411 272 2460 καὶ
302 2402 484 2478 ὑπερήφανος
515 2395 548 2468 ἦν
577 2402 624 2452 καὶ
650 2400 862 2474 ὀΣαλμωνεὺς)
883 2404 987 2468 καὶτῷ
1006 2402 1053 2452 Διὶ
1079 2398 1182 2465 Sisyphi
1200 2398 1276 2448 frater
1293 2413 1352 2446 cum
1369 2395 1480 2444 tonitrua

222 2494 257 2550 το“
276 2500 357 2550 θεῖον
378 2493 502 2564 διέσυρε,
524 2489 573 2550 τάς
593 2487 623 2540 δὲ
651 2493 812 2553 ἐξισοῦσθαι
831 2493 924 2544 θέλων
939 2487 987 2544 διὰ
1005 2489 1054 2554 τὴν
1079 2495 1105 2538 et
1121 2486 1228 2536 fulmina
1245 2486 1382 2534 imitaretur
1400 2481 1478 2540 Iovis,

223 2585 312 2639 αὑτοῦ
337 2580 449 2655 πράξεις
481 2579 626 2649 ὑπερέχειν
651 2577 780 2649 άσέβειαν
805 2575 951 2644 ἐκολάσθη.
979 2577 1055 2648 ἔλεγε
1080 2575 1169 2626 sedens
1187 2573 1335 2638 quadrigam
1356 2572 1424 2622 faces
1442 2587 1480 2620 ar·

223 2677 280 2727 τῶν
292 2675 342 2726 τοῦ
354 2669 423 2731 Διὸς
438 2667 626 2741 ἀπεφαίνετο·
652 2669 707 2740 γάρ
746 2668 845 2723 ἑαυτὸν
881 2667 953 2723 ελναι
988 2671 1053 2730 Δία,
1079 2663 1167 2713 dentes
1175 2663 1202 2712 in
1211 2657 1481 2728 populum†mitteret

224 2760 272 2815 διὸ
289 2765 337 2814 καὶ
354 2751 560 2820 κατασκευάζων
580 2751 627 2807 διά
652 2762 698 2811 καλ
731 2758 782 2820 τάς
813 2759 919 2812 ἐκείνου
954 2759 1056 2816 θυσίας
1081 2760 1106 2802 et
1125 2752 1206 2810 cives;

224 2869 298 2910 τινος
310 2848 436 2922 μηχανῆς
447 2845 546 2916 ψόφον
555 2845 627 2905 littl-
654 2843 828 2922 άφελόμενος
854 2849 944 2914 ἑαυτῷ
969 2859 1056 2912 προσ-

227 2957 289 2994 σιον
315 2941 361 2994 καὶ
384 2934 563 3010 μιμούμενον
579 2932 629 2994 τάς
655 2939 752 2990 έτασσε
769 2935 862 2996 θύειν,
888 2937 933 2988 καὶ
955 2931 1059 3002 βύρσας

226 3025 343 3102 βροντάς
360 3021 485 3095 ἐβρόντα,
506 3024 553 3078 καὶ
565 3017 629 3075 ούτε
654 3024 707 3098 μὲν
721 3026 913 3097 ἐξηραμμένας
926 3023 953 3083 ίξ
965 3020 1058 3095 ἅρμα·

227 3123 330 3179 θυσίας
365 3113 428 3169 ούτε
458 3111 631 3181 πανηγύρεις
655 3133 702 3174 τος
721 3111 791 3185 μετά
812 3112 935 3181 λεβήτων
944 3115 1058 3182 χαλκῶν

229 3208 320 3262 ἐτέλει.
656 3202 750 3273 σύρων
798 3201 875 3270 ἔλεγε
929 3204 1057 3274 βροντάν,

656 3288 767 3358 βάλλων
800 3291 833 3345 δὲ
864 3293 903 3351 είς
938 3288 1059 3362 οὐρανὸν

698 3383 853 3452 αἰθομένας
871 3375 1021 3452 λαμπάδας

658 3468 753 3540 ἔλεγεν
782 3464 955 3539 ἀστράπτειν.
990 3471 1060 3529 Ζεύς

281 3573 326 3621 IV.
357 3568 398 3620 68.
429 3581 444 3618 2
475 3606 482 3621 ,
506 3605 514 3622 .
538 3605 546 3620 ,
576 3564 631 3619 ὑπὸ
659 3559 688 3611 δὲ
710 3556 797 3612 αὐτὸν
816 3553 991 3632 κεραυνώσας
1010 3556 1061 3624 τὴν
1086 3561 1119 3610 ob
1143 3559 1169 3608 id
1192 3576 1207 3609 a
1229 3559 1289 3608 Iove
1314 3555 1420 3606 fulmine
1449 3563 1487 3606 est

230 3659 261 3712 δὲ
279 3654 347 3716 Διὸς
366 3654 413 3709 διὰ
431 3651 480 3723 τὴν
504 3652 633 3723 ἀσέβειαν
688 3651 847 3702 κτισθεῖσαν
869 3643 921 3700 ὑπ’
945 3641 1030 3698 αὐτοῦ
1085 3649 1158 3698 ictus.

232 3743 418 3819 ίκεραυνούθη.
659 3735 745 3790 πόλιν
767 3739 813 3789 καὶ
833 3736 896 3797 τοὺς
916 3730 1062 3804 οἰκήτορας

659 3823 781 3896 ἠφάνισε
801 3821 915 3885 πάντας.

247 3951 250 3960 ⁴
318 3936 388 3998 Iam
421 3952 558 4012 quaer0,
594 3930 760 4012 quomodo
794 3928 937 4009 explices
970 3923 1172 3988 manifestam
1204 3924 1486 4007 propinquitatem,

233 4063 316 4124 quae
339 4041 421 4103 inter
442 4037 623 4100 Diodorum
646 4045 679 4098 et
707 4033 964 4116 Apollodorum,
995 4030 1180 4111 Hyginum,
1213 4029 1273 4092 alia
1303 4028 1488 4110 mythogra-

233 4146 373 4229 phorum
393 4142 573 4224 fragmenta
596 4141 627 4203 in
649 4139 778 4203 scholiis
800 4139 944 4220 dispersa
965 4133 1150 4198 intercedit?
1195 4133 1277 4196 Cum
1299 4133 1370 4196 illos
1392 4132 1489 4196 histo·

323 4329 360 4398 ⁶⁸)
379 4330 411 4382 ci.
429 4332 461 4382 A.
477 4329 601 4380 Ludwich
618 4329 684 4378 Mus.
702 4327 785 4377 Rhen.
805 4325 856 4377 vol.
873 4325 996 4374 XXXIV.
1017 4339 1043 4388 p.
1061 4324 1119 4386 619·
