3438 5028
763 443 973 504 „52-

237 629 371 691 prorsus
393 629 466 671 cum
489 609 696 691 Apollodoro
719 612 906 685 consentiat,
939 611 1016 674 mihi
1040 613 1219 674 necessario
1243 610 1505 673 concludendum

237 733 311 776 esse
340 714 483 789 videtur,
513 713 610 776 etiam
633 715 812 778 Diodorum
844 717 951 779 nescio
981 736 1047 796 quo
1077 735 1184 778 errore
1207 715 1398 796 perductum
1418 713 1505 778 false

240 819 380 882 Martem
401 820 507 901 Tydei
529 828 655 900 patrem
679 820 868 900 adpellasse.

328 925 380 1016 De
394 923 582 998 Heraclidis,
607 944 744 1004 quorum
760 924 800 986 de
817 925 919 987 reditu
936 926 966 986 in
981 924 1240 1006 Peloponnesum
1256 923 1383 986 fabulae
1404 944 1431 984 c.
1450 937 1502 1004 57,

215 1012 218 1018 ⁵
243 1030 282 1106 58
307 1038 499 1110 sequuntur,
520 1043 604 1091 'cum
626 1027 847 1092 difficillimum
877 1033 917 1092 sit
946 1015 1159 1110 disputaiew)
1188 1011 1293 1108 neque
1322 1029 1426 1092 obiter
1448 1030 1503 1110 agi

241 1134 360 1215 possit,
393 1135 545 1196 adnotem
567 1134 681 1203 modo,
715 1135 811 1196 etiam
841 1133 921 1196 haec
953 1134 1060 1215 capita
1089 1134 1338 1215 propinquitatis
1367 1133 1502 1194 vinculis

239 1259 316 1301 cum
339 1238 546 1320 Apollodoro
569 1248 602 1300 et
623 1238 778 1300 Pausania
809 1259 880 1301 esse
910 1239 1095 1313 coniuncta,
1126 1238 1212 1319 apud
1236 1258 1319 1318 quos
1345 1238 1502 1300 Diodorei

243 1343 475 1425 mythographi
500 1345 635 1424 vestigia
664 1344 779 1406 iterum
808 1345 987 1422 iterumque
1017 1343 1203 1405 invenimus.
1249 1343 1398 1405 Herculis
1417 1342 1503 1405 filios

241 1458 318 1530 post
347 1451 446 1530 patris
478 1446 651 1510 ἀποθέωσιν
683 1448 770 1529 apud
807 1447 949 1528 Ceycem
969 1448 1187 1512 Trachinium
1216 1448 1394 1522 habitasse,
1430 1457 1502 1510 turn

243 1553 416 1634 Eurysthei
439 1535 531 1615 minis
554 1553 709 1634 expulsos
731 1552 773 1614 ab
799 1553 1049 1616 Atheniensibus
1078 1552 1220 1633 hospitio
1242 1561 1395 1634 acceptos
1417 1552 1503 1614 devi-

240 1661 322 1722 cisse
352 1659 510 1740 Argivos,
541 1657 726 1738 Eurystheo
757 1657 798 1720 ab
828 1657 930 1738 Hyllo
960 1659 1154 1739 interempto
1187 1657 1399 1738 omnibusque
1433 1659 1503 1719 eius

241 1763 316 1826 filiis
339 1763 459 1826 necatis
490 1773 523 1825 et
543 1762 707 1825 Diodorus
732 1777 770 1842 57
795 1765 814 1842 ξ
838 1778 856 1823 2
887 1772 920 1825 et
947 1763 1170 1844 Apollodorus
1197 1762 1243 1844 (p.
1266 1761 1349 1842 761.
1373 1762 1393 1823 6
1415 1762 1501 1842 sqq.)

242 1868 352 1931 itidem
383 1869 528 1943 tradunt,
560 1887 758 1948 quamquam
786 1867 916 1948 singulis
940 1867 1098 1930 nonnullis
1120 1866 1215 1929 rebus
1237 1867 1371 1942 distant;
1401 1867 1503 1928 etiam

242 1974 472 2056 Tlepolemum
495 1973 665 2054 Licymnio
696 1981 810 2034 necato
840 1993 883 2034 ex
904 1973 1129 2053 Peloponneso
1152 1973 1183 2032 in
1205 1970 1358 2034 Rhodum
1381 1970 1503 2051 fugisse

139 2069 144 2077 ⁵
243 2080 406 2141 Diodorus
431 2081 470 2156 58
501 2081 521 2157 ξ
548 2094 566 2160 7
590 2099 664 2141 cum
686 2076 892 2158 Apollodoro
921 2095 953 2156 p.
978 2075 1019 2154 76
1047 2075 1067 2136 l.
1089 2090 1127 2154 25
1152 2077 1320 2138 consentit.
1364 2076 1503 2156 Hyllum

189 2214 192 2218 ·
242 2193 352 2246 autem
374 2183 415 2245 ab
438 2180 584 2244 Echemo
605 2181 751 2262 Tegeata
772 2183 891 2244 victum
909 2199 979 2240 esse
1002 2188 1035 2242 et
1050 2179 1250 2242 interfectum
1273 2180 1436 2242 Diodorus
1461 2183 1502 2259 58

243 2293 265 2369 ξ
290 2305 318 2368 3,
341 2289 463 2366 4sicut
484 2287 656 2349 Pausanias
678 2286 766 2348 VIII.
792 2299 818 2364 5.
845 2303 857 2346 1
884 2283 979 2346 refert
988 2284 1040 2367 I³).
1520 2355 1522 2358 Ι

331 2393 366 2455 In
389 2392 506 2454 Thesei
529 2390 651 2464 fabulis,
676 2410 759 2470 quae
788 2390 902 2452 indea
932 2389 1038 2470 capite
1063 2403 1103 2469 59
1132 2397 1323 2468 sequuntur,
1352 2391 1503 2471 genealo-

244 2501 370 2580 giarum
392 2498 528 2577 vestigia
552 2497 591 2579 (v.
616 2517 642 2558 c.
667 2511 706 2575 59
729 2499 748 2575 ξ
775 2512 807 2571 1;
832 2516 857 2557 c.
881 2495 922 2556 62
951 2497 970 2574 ξ
997 2496 1041 2574 1),
1072 2512 1269 2574 quamquam
1292 2497 1395 2576 magis
1419 2517 1501 2571 rara,

244 2614 355 2666 tamen
377 2603 433 2665 vix
456 2603 559 2663 minus
581 2611 655 2663 sunt
676 2609 802 2681 aperta,
834 2620 931 2680 quam
954 2601 985 2661 in
1009 2597 1154 2660 Cretensi
1176 2599 1324 2678 historia,
1349 2620 1431 2680 quae
1455 2602 1503 2665 eis

245 2708 432 2772 intercalata
454 2717 519 2784 est;
541 2706 681 2769 affinitas
705 2715 829 2781 autem,
862 2726 926 2786 qua
947 2703 1082 2766 Diodori
1111 2705 1343 2767 narrationum
1365 2703 1503 2787 Hygino

244 2823 278 2878 et
307 2813 514 2894 Apollodoro
540 2812 724 2892 copulatur,
762 2811 919 2873 artissima
949 2817 1006 2888 est,
1066 2808 1167 2870 Velut
1199 2811 1312 2890 capitis
1341 2824 1381 2890 59
1410 2831 1503 2892 para·

245 2919 406 3002 graphum
438 2919 574 2999 primam
607 2915 753 2978 conferas
785 2936 858 2978 cum
895 2912 1110 2977 bibliothecae
1139 2934 1170 2994 p.
1204 2928 1260 2992 125
1293 2912 1313 2976 l.
1345 2930 1381 2975 21
1414 2935 1501 2997 sqq,

247 3025 369 3105 Hygini
392 3022 498 3086 fabula
523 3037 570 3101 37.
616 3020 683 3083 Sex
706 3021 842 3094 labores,
867 3019 982 3100 quibus
1003 3017 1150 3080 Theseus
1167 3017 1313 3079 Trozene
1336 3019 1503 3100 profectus

247 3129 395 3192 Athenas
417 3125 601 3208 perfunctus
623 3134 689 3200 est,
721 3126 853 3188 eosdem
884 3145 954 3187 esse
982 3124 1068 3204 apud
1098 3123 1280 3185 Diodorum
1310 3125 1438 3203 §2-6
1467 3136 1504 3189 et

246 3237 280 3297 in
302 3232 422 3312 Hygini
445 3230 552 3294 fabula
576 3233 624 3310 38,
648 3251 713 3292 non
735 3232 864 3312 quidem
887 3230 1002 3292 mirum
1025 3227 1135 3309 estu).
1180 3225 1327 3308 Septimo
1357 3229 1430 3292 loco
1454 3252 1503 3293 se-

250 3371 455 3382 ......--——

334 3440 369 3508 η)
389 3460 412 3495 v.
433 3443 518 3492 Udalr.
537 3443 569 3491 de
587 3442 768 3492 Wilamowitz:
791 3443 823 3491 de
841 3440 970 3505 Euripidis
987 3438 1140 3500 Heraclidis,
1159 3454 1243 3502 progr.
1262 3439 1449 3504 Gryphiswald.

335 3528 370 3598 Ia)
392 3532 491 3581 Corruit
511 3533 586 3596 igitur
604 3531 705 3581 Ottouis
723 3529 827 3578 Sieroka
844 3527 975 3591 sententia,
996 3543 1072 3591 quam
1090 3544 1115 3592 p.
1135 3541 1166 3589 14
1184 3534 1209 3576 et
1230 3528 1259 3577 16
1277 3527 1395 3593 protulit:
1415 3532 1506 3580 omnia

246 3635 369 3684 generum
392 3627 525 3669 stemmata
548 3621 622 3669 huius
640 3618 748 3668 Diodori
774 3617 851 3667 fontis
874 3633 954 3682 usque
978 3616 1011 3665 ad
1029 3617 1167 3665 Troianum
1184 3616 1280 3665 bellum
1298 3616 1352 3666 esse
1369 3619 1505 3682 producta.

249 3709 294 3758 SIn
318 3716 401 3758 autern
424 3709 450 3757 in
470 3709 612 3758 uniuersum
631 3715 742 3771 spectas,
769 3721 829 3756 sane
854 3713 891 3756 est
915 3713 981 3754 recta
1005 3712 1030 3754 et
1054 3705 1166 3769 probata.
1204 3704 1288 3753 Etiam
1311 3704 1414 3754 Photius
1435 3706 1502 3758 bibl.

245 3798 304 3848 cod.
334 3796 382 3847 186
411 3813 437 3861 p.
458 3810 504 3858 142
534 3794 655 3861 (Bekker)
681 3794 742 3843 dicit
766 3793 797 3842 de
815 3792 967 3858 Apollodori
992 3791 1159 3842 bibliotheca:
1194 3788 1314 3844 »κάτεισι
1342 3795 1425 3862 μέχρι
1445 3796 1505 3846 τῶν

250 3886 412 3951 Toumar«,
443 3900 596 3949 quamquam
620 3881 811 3932 Heraclidamm
841 3881 935 3930 reditus
965 3896 1025 3929 sane
1054 3887 1111 3945 post
1135 3880 1237 3928 Troiam
1270 3888 1369 3946 captam
1401 3883 1505 3936 accidit.

247 3991 270 4021 v.
294 3973 325 4024 C¹
342 3974 438 4023 Robert
455 3973 487 4022 de
505 3975 554 4036 Ap.
572 3971 634 4021 bibl.
653 3987 679 4034 p.
699 3980 723 4034 5.

335 4058 370 4126 τι)
389 4063 482 4123 Locus,
501 4077 552 4127 quo
565 4058 658 4109 Thesei
675 4073 732 4107 cum
745 4056 898 4120 Cromyonio
912 4072 956 4110 sue
968 4055 1092 4120 proelium
1105 4055 1215 4118 refertur,
1235 4064 1402 4106 commutatus
1420 4065 1458 4108 est
1476 4059 1505 4108 in

247 4151 336 4200 codice
354 4151 375 4198 F
393 4165 450 4199 curn
467 4165 513 4207 eo,
533 4165 583 4213 quo
603 4149 749 4196 Procrustae
768 4161 851 4210 poena
868 4144 980 4195 refertur.
1015 4143 1186 4196 Librariorum
1204 4145 1254 4193 hoc
1272 4159 1326 4200 esse
1343 4139 1431 4194 vitium
1449 4149 1506 4196 veri

247 4238 331 4287 simile
349 4245 394 4289 est.
429 4237 496 4286 Nam
514 4237 629 4285 laborum
648 4235 709 4285 ordo
728 4235 791 4284 alius
809 4251 861 4283 non
880 4238 933 4283 esse‘
951 4239 1034 4297 potest
1051 4239 1127 4296 atque
1145 4234 1257 4283 locorum
1276 4233 1353 4291 ordo,
1379 4249 1443 4297 quos
1461 4235 1506 4285 via

249 4326 340 4390 tangit.
378 4326 468 4389 Itaque
496 4325 572 4374 etiam
595 4323 765 4374 bibliothecae
789 4322 900 4387 epitoma
927 4321 1050 4371 Vaticana
1074 4321 1147 4370 tertio
1171 4322 1228 4370 loco
1251 4337 1365 4386 pugnam
1388 4322 1414 4371 in
1442 4322 1509 4372 Cro·

250 4415 380 4478 myonium
398 4428 467 4461 suern
486 4413 561 4462 refert
580 4411 614 4476 (v.
633 4413 665 4460 R.
685 4412 796 4474 Wagner
813 4411 879 4460 Mus.
892 4411 979 4463 ,Rhea
998 4408 1048 4459 vol.
1067 4409 1184 4473 XLI.-p.
1206 4407 1273 4472 140).
1339 4441 1343 4446 Δ
