3480 5030
707 377 970 450 '-18-

330 555 381 615 De
403 554 545 617 Hercule
572 555 613 617 ab
643 555 842 636 Argonautis
872 556 982 619 relicto
1011 554 1091 616 inira
1124 555 1287 616 disseram.
1332 553 1385 616 Ac
1410 563 1497 635 post·

153 666 156 672 '
241 679 339 739 quam
377 659 541 722 Diodorus
579 660 731 722 nonnulla
765 661 863 723 verba
896 663 936 724 de
972 662 1090 740 ingenti
1127 658 1305 721 fabularum
1342 659 1496 722 varietate

242 763 330 836 fecit,
363 763 484 826 verbis:
524 767 576 826 »οὐ
603 766 664 844 μὴν
693 766 769 826 ἀλλὰ
798 766 847 826 καὶ
870 768 940 837 τοὺς
966 765 1107 835 Φινείδας
1128 762 1242 845 λέγεται
1265 763 1320 844 τὴν
1339 764 1496 842 βασιλείαν

238 868 424 951 παραδόντες
453 877 491 953 τῇ
517 870 609 952 μητρὶ
632 871 913 957 Κλεοπάτρῳ-κτλ
943 871 1050 951 pergit
1074 869 1211 949 Dionysi
1233 867 1494 931 historiunculam

238 973 363 1036 referre.

211 1161 212 1168 ἵ
325 1079 360 1142 C.
383 1080 425 1156 48
456 1081 476 1158 ξ
503 1079 705 1158 3Diodorus
728 1080 844 1142 diserte
868 1100 930 1141 non
955 1080 1045 1153 dicit,
1076 1097 1111 1140 se
1141 1077 1268 1140 aliunde
1296 1077 1491 1152 intercalare,

237 1186 293 1247 sed
316 1205 365 1246 res
389 1193 501 1264 aperta
524 1193 581 1245 est.
626 1184 710 1246 Nam
727 1185 814 1264 apud
827 1184 1021 1264 Dionysium
1044 1203 1062 1244 a
1085 1184 1224 1245 dracone
1237 1182 1340 1246 vellus
1360 1204 1493 1246 aureum

203 1267 209 1342 ‚¹
236 1289 389 1351 custodiri
412 1291 475 1350 iam
498 1309 613 1369 perse
635 1290 690 1350 vix
712 1289 861 1351 credibile
886 1298 935 1351 est
957 1297 990 1350 et
1013 1287 1167 1350 refutatur
1189 1309 1229 1350 eo
1252 1289 1338 1366 quod
1360 1289 1390 1350 in
1406 1310 1433 1351 c.
1449 1305 1490 1370 47

206 1374 208 1407 ²
236 1393 315 1473 §6,
349 1413 431 1474 quae
459 1401 546 1455 certe
576 1413 618 1454 ex
641 1390 919 1474 Scytobrachione
942 1393 1097 1467 manavit,
1126 1391 1276 1454 custodes
1299 1401 1332 1454 et
1354 1393 1489 1466 moenia,

206 1513 208 1598 4
237 1518 300 1559 non
324 1507 433 1560 autem
455 1497 552 1559 draco
576 1507 856 1560 commemoratur.
901 1498 1069 1562 Praeterea
1091 1496 1190 1558 verba
1214 1496 1446 1578 »παραπλησίως
1460 1495 1493 1557 δὲ

205 1615 208 1672 ,1
239 1601 356 1672 τούτοις
379 1637 418 1646 —-
442 1601 612 1680 κατάβασιν
634 1603 840 1682 nazaraenae«
866 1603 919 1684 (48
943 1605 964 1683 ξ
990 1605 1018 1682 3)
1041 1601 1144 1664 aliena
1166 1620 1238 1662 esse
1260 1621 1278 1662 a
1301 1603 1490 1676 narratione,

204 1693 207 1759 l
238 1726 320 1786 quae
351 1708 515 1787 praecedit
546 1717 579 1768 et
607 1709 764 1787 sequitur,
802 1716 952 1789 apparet,
989 1727 1062 1770 cum
1097 1708 1117 1786 ξ
1148 1721 1166 1767 2
1197 1705 1261 1768 iam
1292 1708 1412 1769 dictum
1440 1709 1490 1780 sit,

203 1766 207 1890 l
236 1811 445 1892 Argonautas
474 1812 660 1874 custodibus
689 1813 802 1893 templi
835 1833 891 1874 seu
925 1812 1124 1892 interemptis
1155 1832 1211 1874 seu
1246 1811 1362 1893 sugatis
1389 1811 1492 1875 vellus

203 1893 208 1959 l
235 1918 413 1998 adripuisse
435 1925 467 1978 et
490 1937 586 1997 quam
610 1917 776 1980 celerrime
796 1919 837 1980 ad
862 1937 977 1980 navem
1000 1917 1177 1980 recurrisse.

321 2021 442 2104 Capitis
464 2038 506 2100 49
536 2024 597 2102 §7
630 2023 786 2104 reperitur
814 2044 840 2085 c.
866 2039 903 2101 32
934 2025 1013 2102 §2,
1043 2042 1140 2102 quam
1171 2044 1213 2084 ex
1234 2021 1395 2101 Dionysio
1426 2042 1490 2084 non

234 2149 304 2190 esse
343 2136 504 2208 sumptam
542 2136 652 2208 aperte
690 2129 890 2190 demonstrat
933 2128 1000 2190 eius
1041 2130 1144 2191 oratio
1188 2136 1276 2191 recta
1318 2125 1421 2208 (ii‘moa
1448 2164 1489 2172 -

237 2231 534 2316 παραδεδώκασινα),
569 2253 642 2295 curn
677 2232 870 2314 paragraphi
909 2242 942 2295 et
983 2253 1065 2313 quae
1103 2234 1298 2314 praecedunt
1335 2242 1367 2294 et
1409 2253 1491 2313 quae

235 2347 413 2416 sequuntur
434 2339 577 2400 oratione
601 2338 732 2419 obliqua
755 2339 891 2419 scriptae
914 2339 984 2401 sint.

322 2443 443 2524 Capitis
467 2459 507 2524 54
536 2447 556 2525 ξ
585 2446 621 2517 6,
655 2446 743 2506 cuius
772 2445 894 2506 initium
924 2454 989 2507 cst:
1025 2443 1119 2516 »τινὲς
1148 2443 1181 2504 δὲ
1209 2454 1271 2505 τῶν
1299 2443 1492 2528 συγγραφέων

234 2549 325 2630 paul«
353 2552 406 2609 κτλ
436 2550 611 2612 secundum
639 2551 826 2631 Euripidem
857 2549 969 2625 refert,
1001 2551 1167 2631 quomodo
1197 2550 1316 2612 Medea
1345 2549 1492 2612 Creontis
1576 2623 1580 2631 ι

237 2653 333 2716 filiam
356 2664 388 2717 et
411 2657 515 2737 ipsum
538 2676 649 2737 regem
671 2655 853 2735 perdiderit.
898 2655 963 2717 Sed
979 2656 1158 2716 Diodorum
1182 2655 1244 2716 hoc
1267 2674 1331 2715 non
1354 2675 1397 2715 ex
1420 2655 1491 2734 ipso

236 2770 333 2840 poeta
355 2755 538 2841 sumpsisse,
563 2762 662 2823 verba
682 2762 912 2834 demonstrant,
937 2780 1019 2840 quae
1036 2759 1251 2838 transscripsi3
1275 2760 1392 2836 itaque,
1416 2779 1490 2821 cum

237 2864 468 2946 Apollodorus,
493 2887 589 2945 quern
610 2867 673 2928 iam
689 2866 737 2928 bis
758 2886 830 2927 curn
848 2866 982 2927 Diodori
1008 2861 1290 2945 »mythographis«
1310 2864 1490 2926 consentire

236 2971 389 3046 vidimuS,
421 2992 452 3053 p.
480 2971 526 3049 36,
559 2971 577 3032 l.
602 2987 728 3048 21-23
756 2971 840 3032 idem
864 2970 985 3045 tradat,
1008 2969 1105 3031 etiam
1128 2969 1191 3030 hoc
1214 2968 1287 3031 loco
1309 2967 1488 3030 Diodorum

236 3076 351 3138 eodem
376 3075 463 3138 sonte
486 3097 577 3139 usum
601 3097 672 3138 esse
695 3077 846 3156 suspicari
869 3075 1002 3156 licet21).

319 3180 486 3244 Difficilius
508 3191 565 3257 est,
589 3183 694 3244 varios
717 3182 851 3243 Diodori
881 3181 985 3244 fontes
1014 3183 1189 3264 incapite,
1221 3182 1310 3261 quod
1338 3183 1488 3261 sequitur,

238 3300 274 3364 55
306 3286 508 3367 distinguere.
554 3287 670 3350 Statim
700 3297 808 3350 autem
838 3289 1060 3368 cognoscitur,
1091 3291 1154 3350 iam
1184 3290 1203 3368 ξ
1231 3305 1242 3348 1
1275 3287 1490 3351 narrationem

190 3421 202 3436 v
236 3390 423 3470 perturbari.
468 3392 643 3474 Postquam
674 3395 758 3456 enim
785 3393 898 3474 capitis
930 3408 969 3472 54
998 3396 1018 3472 ξ
1048 3409 1084 3472 7,
1119 3414 1218 3476 quae,
1250 3413 1323 3454 cum
1352 3395 1489 3456 narratio

234 3496 316 3557 bene
339 3497 539 3561 continuetur
555 3508 588 3560 et
609 3501 675 3562 eius
698 3499 795 3561 finem
818 3508 904 3560 certe
927 3499 968 3560 ad
990 3499 1183 3577 Dionysium
1208 3499 1366 3578 pertinere
1392 3521 1490 3581 supra

235 3601 440 3675 evicerimuS,
464 3613 533 3666 tota
563 3603 830 3684 Scytobrachioni
867 3614 915 3666 est
951 3604 1169 3680 attribuenda,
1203 3603 1354 3667 Medeam
1386 3606 1489 3687 ipsam

236 3706 354 3768 liberos
377 3728 396 3769 a
419 3729 453 3770 se
476 3710 658 3772 interfectos
689 3711 719 3771 in
741 3710 870 3772 Iunonis
892 3709 1017 3793 templo
1038 3709 1223 3791 sepelivisse
1246 3718 1408 3771 narratum
1431 3720 1488 3787 est,

235 3812 286 3874 hic
315 3812 466 3890 refertur,
496 3814 677 3878 Corinthios
706 3815 824 3878 oraculi
851 3815 936 3878 iussu
967 3816 1103 3879 Medeae
1131 3815 1304 3878 liberorum
1333 3817 1490 3880 cadauera

320 4003 356 4070 Ἦ)
385 4007 466 4056 Etiam
484 4006 652 4056 bibliothecae
669 4009 726 4058 loco
745 4008 823 4057 allato
839 4009 967 4074 Euripidis
979 4009 1087 4058 Medeae
1105 4017 1281 4072 argumentum
1292 4009 1394 4058 subesse
1409 4009 1488 4058 mani-

234 4093 325 4143 festum
349 4105 399 4158 est,
428 4110 581 4160 quamquam
605 4097 769 4160 neglegenter
790 4087 868 4146 modo
893 4099 1002 4150 πέπλον
1027 4112 1043 4144 a
1064 4097 1156 4146 Medea
1174 4097 1286 4148 Glaucae
1309 4097 1412 4146 missum
1436 4114 1488 4148 esse

233 4192 325 4241 narrat,
350 4183 481 4249 Euripides
499 4193 583 4233 autem
601 4202 625 4234 v.
647 4195 711 4247 1154
729 4201 784 4250 sqq.
803 4187 928 4246 πέπλους
944 4189 992 4238 καὶ
1011 4188 1149 4256 στέφανον
1166 4192 1292 4257 χρυσοῦν
1312 4185 1381 4236 dicit.
1416 4187 1489 4236 Simi-

234 4271 292 4321 liter
310 4272 428 4336 Hyginus
446 4272 471 4320 in
490 4274 659 4322 contaminata
676 4274 761 4323 fabula
780 4285 810 4338 25
833 4277 910 4325 modo
930 4291 1049 4325 coronam
1068 4291 1168 4324 auream
1186 4281 1374 4325 commemorat.
1410 4277 1490 4325 Recte

233 4360 375 4409 Diodorus:
397 4360 482 4430 δῶρα.
