3438 5028
788 349 1000 429 ..73-

263 519 342 582 ’κατιλ
371 518 534 580 θάλατταν
566 517 786 580 ἀποστείλαντα
817 517 1071 580 διακελεύσασθαι
1106 519 1161 590 τὰς
1187 517 1279 600 κόρας
1308 517 1441 600 ἁρπάσαι
1471 519 1518 579 καὶ

262 625 438 704 διακομίσαι
461 624 535 706 πρὸς
556 617 690 688 ταινίαι
731 621 817 702 Quin
840 632 947 686 autem
971 644 1018 697 ea,
1043 643 1126 705 quae
1149 626 1169 703 ξ
1193 641 1210 702 3
1235 622 1421 697 referuntur,
1447 644 1517 684 curn

262 730 459 798 bibliotheca
481 729 683 800 cohaereant,
711 747 807 791 nemo
837 727 1005 803 dubitabit,
1029 729 1084 809 qui
1107 749 1242 794 eacum
1265 728 1461 794 bibliotheca
1484 738 1515 791 et

263 836 397 916 Hygino
420 834 664 915 comparaverit.

435 952 607 1003 Diodor.1V.
626 964 666 1013 27.
685 963 708 1014 3.
1047 953 1110 1002 bibl.
1130 970 1156 1017 p.
1174 953 1216 1014 64.
1241 953 1258 1004 l.
1278 967 1312 1014 24
1329 970 1386 1019 sqq.

317 1042 386 1096 κατὰ
406 1042 437 1096 δὲ
454 1046 555 1093 τοῦτον
568 1038 618 1091 τὸν
630 1036 728 1106 καιρὸν
738 1033 876 1108 Ἡρακλέα
1012 1038 1125 1106 Αιβύην
1137 1035 1249 1114 διεξῄει·
1266 1039 1368 1108 ταύτης
1380 1043 1520 1108 ἐβασίλευε

263 1135 395 1200 τελοῦντα
420 1125 470 1183 τὸν
494 1127 615 1181 ὕστατον
639 1121 729 1182 ἆθλον
749 1123 875 1186 Ἀνταῖον
909 1131 977 1187 παῖς
1012 1127 1190 1187 Ποσειδῶνος
1217 1127 1355 1194 Ἀνταῖος,
1393 1125 1423 1190 ὃς
1458 1131 1520 1194 τοὺς

263 1222 317 1290 μὲν
344 1217 454 1274 ἀνελεῖν
481 1217 512 1270 έν
538 1220 571 1290 τῇ
595 1213 689 1286 Λιβύῃ
715 1214 765 1268 τὸν
789 1231 874 1268 συνα-
912 1219 1004 1278 ξένους
1046 1212 1208 1284 ἀναγκάζων
1243 1220 1376 1272 παλαίειν
1414 1215 1519 1294 α’νῄρει·

264 1306 436 1379 ναγιαίζοντα
454 1305 519 1366 τοὺς
536 1308 629 1367 ξένους
645 1304 834 1364 διαπαλαίειν,
909 1303 999 1372 τούτῳ
1013 1308 1143 1358 παλαίειν
1153 1300 1378 1375 ἀναγκαζόμενος
1386 1312 1522 1381 Ἡρακλῆς

909 1389 1050 1467 ἄρα’μενος
1091 1399 1232 1465 μετέωρον
1269 1389 1381 1466 ἅμμασι
1419 1397 1522 1459 κλάσας

909 1483 1062 1537 ἀπέκτεινε.

265 1580 405 1658 Βούσιριν
430 1584 460 1639 δὲ
485 1583 554 1637 κατὰ
584 1583 634 1647 τὴν
657 1585 810 1652 Αἴγυπτον
839 1583 876 1649 τῷ
962 1603 988 1651 p.
1009 1588 1051 1650 65.
1074 1586 1215 1650 l.1sqq.:
1246 1585 1318 1655 μετὰ
1349 1587 1463 1655 Αιβύην
1493 1589 1522 1644 δὲ

263 1680 315 1738 Διὶ
340 1669 532 1746 σφαγιάζοντα
553 1673 618 1732 τοὺς
642 1671 876 1741 παρεπιδημοῦν-
910 1677 1060 1740 Αἴγυπτον
1085 1667 1362 1747 διεξῄει...ταύτης
1382 1678 1522 1744 ἐβασίλευε

264 1783 314 1825 τας
337 1765 431 1823 ξένους
453 1764 501 1827 τῆς
527 1759 716 1833 προςηκούσης
742 1765 876 1832 τιμωρίας
909 1755 1055 1833 Βούσιρις,
1085 1760 1263 1823 Ποσειδῶνος
1292 1771 1423 1824 παῖς
1445 1759 1525 1826 οὗτος

262 1851 436 1911 καταξιῶσαι.
909 1850 974 1910 τοὺς
1008 1854 1103 1912 ξένους
1135 1837 1219 1905 ἔθυεν
1254 1853 1302 1906 ἐπὶ
1330 1853 1417 1924 βωμῷ
1446 1854 1523 1918 Arte,

909 1933 979 1992 κατά
998 1957 1024 1991 τι
1042 1933 1138 2008 λόγιον
1163 1980 1169 1992 .
1191 1978 1198 1992 .
1219 1982 1224 1994 .
1253 1937 1389 2012 Ἡρακλῆς
1415 1937 1467 1996 τόν
1495 1961 1523 1996 τε

910 2025 1071 2100 Βούσιριν.
1092 2067 1098 2080 .
1117 2067 1124 2081 .
1143 2026 1294 2082 ἀπέκτεινε.

317 2125 387 2198 μετὰ
424 2129 456 2181 δὲ
487 2130 575 2181 ταῦτα
609 2124 661 2181 ἀνὰ
695 2127 748 2182 τὸν
775 2133 878 2183 Νεῖλον
964 2148 989 2196 p.
1001 2130 1127 2195 65.l.18:
1147 2128 1525 2206 παριώνδὲΑἰθιοπίανῙΟῙ)

267 2215 426 2270 πλεύσαντα
468 2218 507 2277 εἰς
547 2214 597 2268 τίν
628 2220 791 2270 Αἰθιοπίαν
829 2213 879 2270 τὸν
909 2216 1080 2289 Ἠμαθίωνα
1097 2225 1198 2275 κτείνει
1215 2223 1304 2276 παῖδα
1326 2227 1466 2276 Τιθωνοῦ.

265 2301 446 2372 βασιλεύοντα
472 2307 527 2357 τῶν
543 2302 694 2358 Αἰθιόπων
710 2301 876 2374 Ἠμαθίωνα

266 2391 438 2464 κατάρχοντα
456 2389 549 2464 μάχης
566 2391 731 2448 ἀποκτεῖναι
744 2433 750 2446 .
763 2433 770 2446 .
783 2433 790 2446 .

266 2497 362 2559 Unde
384 2494 493 2560 aulem
515 2497 678 2559 DiodOrus
707 2497 872 2560 historiam
902 2498 942 2559 de
964 2497 1184 2560 Atlantidibus
1214 2509 1269 2563 aut
1286 2502 1526 2582 Hesperidibus

267 2602 447 2683 sumpserit,
472 2603 643 2664 diiudicare
666 2622 801 2682 nequeo.
833 2602 1067 2664 Adnotaverim
1090 2604 1189 2665 modo
1212 2603 1300 2668 haec.
1338 2607 1524 2670 Atlantides

266 2716 301 2768 et
323 2707 518 2788 Hesperides
547 2727 617 2769 esse
641 2707 788 2781 easdem,
819 2708 899 2768 sicut
923 2706 1087 2798 Diodorus
1109 2707 1166 2768 IV.
1191 2723 1242 2789 27.
1269 2727 1286 2771 2
1310 2712 1406 2773 tradit
1430 2713 1524 2774 scho-

268 2812 359 2874 liasta
392 2814 432 2874 ad
463 2813 622 2894 Euripidis
652 2812 823 2893 Hippolyti
853 2832 882 2872 v.
906 2826 978 2892 742,
1009 2811 1097 2874 cuius
1125 2813 1228 2894 prima
1258 2835 1332 2895 pars
1359 2815 1436 2877 mihi
1467 2837 1525 2899 per

266 2937 408 2979 errorem
432 2938 449 2979 e
471 2917 664 2997 Pherecydis
685 2918 864 2979 narratione
886 2926 957 2979 orta
984 2938 1055 2980 esse
1078 2917 1217 2991 videtur,
1249 2938 1347 2998 quam
1370 2920 1526 2984 exhibent

268 3022 368 3085 schol.
400 3022 554 3103 Apollon.
584 3022 691 3084 Rhod.
722 3043 753 3103 p.
779 3035 839 3101 522
869 3020 889 3084 l.
919 3039 969 3100 31,
1000 3021 1076 3088 bibl.
1105 3043 1135 3103 p.
1159 3023 1202 3100 64
1231 3024 1250 3086 l.
1276 3041 1325 3102 24.
1376 3025 1525 3090 Eandem

268 3135 376 3190 autem
399 3127 540 3190 Atlantis
573 3127 709 3191 caelileri
740 3127 865 3190 fabulae
894 3126 1205 3206 interpretationem,
1236 3149 1333 3208 quam
1361 3129 1526 3194 Diodorus

269 3233 326 3295 IV.
350 3250 399 3314 27.
423 3251 444 3309 4
472 3232 610 3313 profert,
644 3233 724 3314 legis
747 3234 778 3294 in
802 3232 928 3294 Aeliani
952 3231 1133 3312 fragmento
1157 3248 1217 3314 207
1249 3234 1414 3316 (Hercher)
1439 3245 1472 3299 et
1495 3237 1525 3298 in

269 3338 421 3400 Heracliti
445 3337 525 3398 libro
547 3339 614 3419 περὶ
630 3338 765 3400 ιἰπίστωι
778 3354 808 3415 4.
852 3336 916 3400 Sed
933 3339 1129 3400 monendum
1153 3347 1211 3412 est,
1236 3359 1307 3400 eam
1331 3339 1525 3421 eDionysio

269 3441 543 3522 Scytobrachione
567 3462 631 3504 non
653 3443 792 3514 fluxisse,
817 3463 860 3504 ex
875 3463 940 3523 quo
963 3443 1077 3504 similia
1099 3444 1229 3524 quidem
1251 3444 1415 3507 Diodorus
1438 3444 1458 3507 l.
1481 3447 1527 3508 111

268 3568 295 3609 c.
318 3547 361 3608 60
382 3546 523 3628 protulit.
568 3547 653 3609 Nam
676 3546 695 3609 l.
720 3548 765 3609 III
788 3568 814 3609 c.
838 3548 880 3610 60
897 3556 1027 3628 ,septem
1050 3549 1235 3612 Atlantides
1258 3559 1331 3611 sunt
1361 3549 1444 3612 filiae
1467 3551 1526 3613 At-

269 3651 379 3724 lantis,
415 3649 512 3714 Croni
541 3651 660 3726 fratris,
695 3651 795 3714 Urani
824 3651 878 3712 filii
908 3661 940 3714 et
972 3673 1099 3716 sorores
1122 3655 1269 3737 Hesperi,
1304 3654 1323 3718 l.
1345 3655 1402 3718 IV.
1434 3677 1461 3724 c.
1486 3672 1526 3737 27

355 3880 401 3946 ¹⁰¹)
418 3877 552 3953 Ἀραβίαν
569 3881 644 3931 codd.
664 3881 754 3944 Heyne
772 3882 798 3930 in
816 3881 990 3931 observatione
1009 3884 1040 3933 ad
1059 3882 1210 3947 Apollodor,
1228 3899 1254 3949 p,
1276 3893 1322 3948 173
1345 3885 1524 3935 adnotatione:

270 3971 398 4020 »dubitavi
422 3985 554 4036 quoque,«
582 3962 677 4032 inquit,
710 3985 759 4017 »an
782 3984 834 4017 non
854 3963 984 4033 Ἀραβίαν
1011 3963 1155 4035 corrupturh
1180 3969 1227 4031 sit,
1255 3977 1280 4020 et
1305 3971 1382 4022 fuisse
1405 3973 1526 4038 scriptum

267 4061 444 4124 Αἰθιοπίαν,
463 4059 490 4107 in
508 4073 536 4106 ea
554 4055 621 4104 enim
639 4055 745 4105 Tithoni
764 4056 831 4105 filius
849 4057 914 4105 bene
931 4057 1051 4106 collocari
1069 4065 1175 4124 potest«
1212 4059 1331 4117 Accedit,
1352 4061 1422 4125 quod
1439 4061 1527 4111 tabula

268 4149 434 4208 Farnesiana,
464 4145 535 4194 culus
562 4143 663 4192 titulum
691 4143 852 4209 Apollodoro
878 4150 904 4192 et
930 4145 1046 4194 Diodoro
1071 4147 1245 4210 propinquum
1270 4162 1325 4196 esse
1350 4148 1400 4196 iarn
1427 4149 1527 4213 saepius

268 4237 386 4295 vidimus,
417 4233 519 4284 exhibet
549 4231 585 4297 (p.
611 4243 641 4296 73
672 4233 690 4282 l.
721 4242 770 4296 325
801 4230 1048 4298 Iahn-Michaelis):
1083 4235 1138 4292 »εἰς
1167 4232 1349 4301 Αἰθιο[πίαν]
1382 4231 1450 4301 ἦλθε
1479 4239 1527 4287 καλ

267 4320 445 4395 Ἠμαθίων[α
466 4315 611 4389 ἒφό]νευσε
627 4318 678 4374 τὸν
695 4317 766 4385 (τοῦ)
783 4317 1009 4390 Λαομέῖδονμος
1027 4318 1090 4372 υἱὸν
1109 4319 1268 4388 Τιθωνο[ῦ.
1283 4361 1288 4374 .
1301 4343 1324 4373 ,ι
