3438 5028
667 421 985 484 ,-95-

215 653 217 656 Ι
249 576 383 654 §7—9)
407 556 563 650 facinora;
588 575 704 656 stirpes
727 575 906 655 explicasse
927 574 1075 635 Tectami
1090 571 1251 635 Cretensis
1273 571 1327 652 (60
1342 575 1361 652 ξ
1379 589 1395 634 2
1412 575 1507 654 sqq.)‚

251 679 347 741 Aeoli
372 678 426 760 (67
451 681 470 758 ξ
495 681 535 760 2),
558 679 662 761 Asopi
686 682 760 760 (72),
785 680 901 741 Teucri
924 679 1056 760 Trojani
1079 669 1153 759 (75),
1178 676 1291 739 Cadmi
1314 679 1374 758 (2);
1405 697 1507 740 narra-

250 787 333 873 visse
357 783 479 846 iabulas
500 788 540 847 de
563 784 743 866 Oedipode,
767 786 807 846 de
837 795 963 866 septem
986 785 1102 846 ducum
1125 792 1236 844 contra
1258 782 1388 844 Thebas
1411 803 1507 863 expe-

249 890 379 963 ditione,
403 890 443 950 de
466 889 691 970 Epigonorum
714 889 846 954 victoria
869 889 1032 971 (64-66),
1057 888 1096 950 de
1113 888 1310 966 Argonautis
1333 896 1365 949 et
1380 886 1505 951 Medea.

250 995 364 1074 ltaque
392 996 418 1055 si
450 1014 492 1054 ex
520 995 570 1056 his
598 995 718 1056 laciniis
742 995 895 1075 suspicari
919 993 1001 1067 iicet,
1026 1002 1180 1074 quantum
1202 993 1300 1054 totius
1323 992 1392 1054 iibri
1415 991 1507 1054 suerit

250 1107 493 1179 argumentum,
524 1118 588 1158 non
609 1107 731 1162 temere
755 1101 829 1162 milri
860 1100 970 1164 videor
992 1101 1152 1172 conicere,
1183 1105 1286 1160 totam
1310 1096 1506 1160 Graecorum

250 1205 414 1266 historiam
438 1202 614 1264 fabularem
637 1205 668 1266 in
690 1225 730 1266 eo
754 1204 848 1266 luisse
871 1213 1070 1285 congestam.

335 1309 503 1389 Ingentem
533 1318 642 1370 autem
673 1310 838 1371 materiem
869 1310 914 1371 sic
943 1310 1101 1390 disposuit
1129 1317 1255 1381 auctor,
1287 1318 1322 1370 ut
1353 1328 1506 1388 generum

250 1421 421 1474 stemmata
443 1423 642 1476 construeret
664 1423 761 1493 atque
786 1415 878 1476 unius
900 1415 1055 1495 cuiusque
1076 1413 1182 1475 herois
1203 1421 1259 1500 aut
1274 1412 1411 1475 heroidis
1434 1412 1505 1475 faci·

250 1538 327 1579 nora
350 1527 382 1580 et
406 1517 472 1580 iata
494 1517 633 1581 breviter
654 1527 805 1594 narraret,
828 1520 943 1581 eodem
959 1521 1054 1600 igitur
1069 1520 1177 1592 modo,
1202 1537 1266 1597 quo
1283 1517 1505 1599 Apollodorus

248 1609 413 1684 historiam
437 1622 614 1684 fabularem
637 1623 828 1705 composuit.
858 1624 932 1685 Non
955 1633 1063 1686 autem
1087 1622 1268 1704 compendii
1290 1622 1371 1684 iilius
1394 1633 1505 1685 auctor

250 1727 432 1804 neglexisse
457 1728 584 1789 videtur
606 1728 850 1809 discrepantias
882 1749 964 1808 quae
987 1731 1027 1790 de
1045 1729 1093 1791 his
1116 1730 1210 1791 rebus
1232 1728 1312 1789 inter
1334 1729 1505 1808 scriptores

249 1841 349 1905 erant,
374 1833 537 1895 adnotare.
582 1832 746 1896 Diodorus
769 1835 899 1915 quidem
922 1835 991 1897 ilias
1018 1835 1182 1896 doctrinae
1204 1833 1315 1914 copias
1337 1842 1504 1914 contemp-

248 1937 289 2010 sit
309 1971 352 1982 —
374 1938 539 2002 adnotavit
562 1940 677 2012 mod0,
709 1941 884 2001 secundum
907 1939 1060 2016 Minoem,
1090 1937 1224 2019 Lycasti
1243 1937 1353 2019 filium,
1373 1938 1414 2000 ab
1437 1939 1505 2000 aliis

164 2097 165 2100 ,
249 2041 333 2102 lovis
362 2041 462 2103 filium
492 2045 552 2104 dici
581 2081 624 2090 —
654 2046 710 2107 sed
744 2045 774 2106 in
808 2044 1003 2126 Apollodori
1033 2044 1149 2106 Teucri
1177 2042 1307 2122 Trojani
1341 2043 1504 2123 progeniei

184 2147 193 2160 '
234 2157 430 2225 stemmate,
454 2149 541 2226 quod
564 2169 695 2229 prorsus
718 2170 791 2210 cum
805 2151 952 2212 Diodoro
974 2153 1154 2212 consentire
1176 2168 1273 2228 supra
1295 2140 1501 2222 ostendimus

249 2274 279 2334 p,
316 2269 370 2313 ΙΙΙ
404 2252 423 2314 i.
455 2269 472 2313 2
504 2252 635 2334 legitur:
670 2253 869 2335 (Λαομέδων)
902 2262 1010 2338 »γαμεῖ
1042 2254 1173 2336 Στρυμὼ
1207 2253 1261 2332 τὴν
1293 2251 1502 2335 Σκαμάνδρου,

247 2358 326 2417 κατὰ
349 2357 384 2418 δέ
403 2381 486 2430 τινας
507 2359 650 2418 Πλακίαν
670 2360 724 2440 τὴν
742 2357 879 2443 Ὀρσέως,
901 2355 970 2421 κατ’
997 2359 1091 2432 ἐνίους
1109 2357 1141 2419 di
1163 2358 1374 2437 Asuuiumque

335 2463 443 2542 Quam
469 2465 626 2525 rationem
656 2466 837 2546 compendii
867 2475 979 2549 auctor
1002 2466 1032 2526 in
1055 2463 1169 2528 fabulis
1192 2464 1354 2526 narrandis
1377 2471 1504 2526 secutus

252 2571 301 2640 sit,
325 2589 368 2630 ex
390 2569 618 2650 Argonauticis
641 2579 674 2630 et
699 2570 864 2633 Thebanis
891 2570 1005 2633 fabulis
1031 2569 1224 2650 intelligitur.
1268 2568 1353 2630 Nam
1376 2570 1429 2648 qui
1452 2570 1505 2632 iiia

253 2673 403 2747 referret,
438 2675 594 2755 Apolloni
636 2677 784 2738 carminis
825 2685 1049 2754 argumentum
1081 2673 1248 2754 descripsit
1281 2682 1313 2735 et
1346 2674 1505 2756 Euripidis

251 2779 496 2842 Phoenissarum
519 2780 691 2862 prologum
713 2801 816 2861 paene
839 2782 879 2842 ad
909 2781 1043 2846 verbum
1066 2779 1223 2852 excussit,
1251 2778 1304 2857 qui
1321 2778 1505 2860 ,Oedipodis

249 2895 370 2948 sortem
400 2887 540 2948 breviter
574 2887 851 2966 complecteretur.
904 2887 1053 2968 Adparet
1085 2885 1195 2966 igitur,
1229 2883 1505 2965 mythographum

250 2990 338 3052 iilum
370 3013 387 3052 e
424 2992 517 3052 variis
554 2992 691 3053 cuiusvis
721 2988 848 3052 fabulae
878 2989 988 3053 formis
1017 3011 1089 3053 eam
1116 2990 1266 3070 elegisse,
1305 3009 1402 3068 quam
1425 2991 1506 3052 inter

249 3095 401 3173 aequales
422 3096 621 3156 notissimam
644 3115 714 3156 esse
740 3095 839 3156 scivit.
874 3093 967 3174 Quae
990 3097 1146 3157 sententia
1169 3095 1323 3175 probatur
1345 3114 1394 3168 e0,
1418 3097 1506 3174 quod

251 3202 338 3280 apud
372 3200 553 3261 Diodorum
584 3199 756 3280 Hippolyti
779 3198 957 3262 Coroniieri
983 3200 1110 3281 prologi
1141 3199 1308 3262 nonnullos
1337 3219 1447 3262 versus
1476 3201 1507 3262 in

250 3326 277 3370 c.
302 3306 342 3365 62
365 3309 384 3383 ξ
409 3320 426 3365 2
450 3306 678 3385 cognovimus,
707 3314 804 3386 atque
828 3303 1000 3387 Sophoclis
1022 3305 1262 3368 Trachiniarum
1282 3315 1507 3385 argumentum

251 3411 397 3472 Herculis
427 3411 539 3472 mortis
569 3411 740 3473 narrationi
778 3411 842 3493 (38)
871 3410 1004 3473 subesse
1033 3411 1168 3474 videtur.
1225 3410 1366 3472 Additae
1399 3420 1506 3472 autem

249 3526 341 3578 erant
363 3516 452 3579 brevi
483 3518 654 3578 narrationi
677 3514 855 3578 fabularum
878 3517 1119 3596 discrepantiae.
1165 3514 1263 3596 Quod
1284 3517 1347 3578 iam
1371 3535 1507 3596 cognos-

248 3623 330 3685 citur
361 3642 379 3683 e
409 3621 544 3682 Diodori
574 3641 716 3702 paupere
744 3631 777 3683 et
807 3621 999 3703 neglegente
1022 3612 1204 3702 compendii
1225 3621 1377 3702 epitoma.
1422 3620 1507 3683 Nam

249 3731 377 3808 saepius
405 3727 522 3788 diserte
551 3728 702 3799 adnotat,
732 3727 811 3789 aiios
841 3729 1012 3808 scriptores
1042 3727 1133 3788 aliter
1164 3725 1306 3789 fabulam
1339 3725 1506 3799 rettulisse,

251 3830 390 3892 velutin
413 3831 527 3895 fabulis
550 3833 590 3894 de
613 3833 821 3912 Argonautis
845 3832 971 3904 Medea,
995 3832 1210 3912 Hesperidum
1230 3831 1330 3906 maiis,
1355 3830 1508 3912 Meleagri

251 3945 364 4010 morte,
389 3936 507 4000 Thesei
531 3938 572 4000 ad
589 3937 706 4000 inferos
725 3939 889 4012 descensu,
915 3937 1081 4000 Centauris
1098 3946 1158 4010 etc,
1178 3946 1234 3998 aut
1248 3936 1350 4002 varias
1366 3936 1508 3998 eiusdem

250 4041 378 4104 fabulae
401 4040 520 4106 sormas
543 4045 744 4126 conglutinat
763 4042 852 4105 velut
874 4065 901 4106 c.
918 4045 956 4105 28
979 4044 1019 4106 de
1042 4043 1235 4124 Hippolyto,
1269 4043 1321 4104 Ac
1335 4042 1506 4115 Diodorus,

249 4168 323 4209 cum
346 4166 456 4209 veram
477 4148 611 4211 heroum
634 4151 809 4226 historiam,
833 4169 912 4230 ergo
936 4169 1032 4211 unam
1048 4149 1187 4211 scribere
1202 4147 1261 4210 sibi
1277 4147 1506 4228 proposuisset,

250 4253 409 4314 variarum
439 4252 617 4317 fabularum
648 4255 764 4318 multas
793 4264 878 4317 certe
907 4254 1031 4318 abiecit.
1081 4249 1202 4334 Atque*
1222 4253 1277 4314 vix
1300 4251 1455 4313 invenitur
1477 4253 1507 4312 in

248 4358 462 4434 bibliotheca,
495 4359 583 4421 cuius
617 4380 681 4421 non
713 4379 837 4442 paucae
867 4371 975 4443 partes
1004 4359 1138 4421 Diodori
1169 4357 1248 4419 fonti
1278 4355 1410 4419 fabulari
1437 4376 1507 4436 pro·
