3438 5028
737 359 950 423 -ss-

305 515 451 580 Stemma
480 514 567 596 apud
595 523 766 596 utrumque
795 514 881 576 idern
910 522 974 587 est,
1005 514 1031 574 si
1065 512 1163 576 mittis
1185 532 1204 575 a
1226 511 1373 574 Diodoro
1397 512 1473 574 duo-

217 623 322 685 decim
344 621 450 702 Asopi
472 619 552 682 filias
574 618 670 682 fuisse
692 618 767 693 dici,
798 618 909 699 viginti
931 618 972 681 ab
995 617 1208 700 Apollodoro.
1253 616 1369 680 Itidem
1390 624 1475 678 uter-

217 745 281 807 que
310 726 442 788 Peleum
473 734 506 786 et
535 723 749 787 Telamonem
778 732 913 806 propter
941 723 1040 786 Phoci
1071 742 1184 788 necem
1214 720 1334 802 fugisse
1366 721 1474 799 tradit,

216 849 357 911 quorum
378 829 410 891 in
430 827 628 910 bibliotheca
650 829 780 909 quidem
795 828 942 903 Telamo,
964 827 1078 892 Peleus
1096 827 1184 909 apud
1197 825 1380 890 Diodomm
1394 825 1475 888 sicut

217 936 249 998 in
272 933 401 998 scholiis
423 935 463 997 ad
484 932 711 1014 Lycophronis
740 953 768 997 v.
796 936 852 1013 175
884 941 917 994 et
939 933 981 996 ad
1002 933 1046 996 11.
1072 949 1110 1010 14
1132 930 1204 994 AD
1231 929 1392 994 fratricida
1416 939 1475 994 est.

217 1038 318 1120 Quod
339 1047 448 1100 autem
470 1037 521 1100 hic
543 1057 655 1100 necem
678 1058 755 1100 casu
777 1037 920 1117 quodam
941 1036 1071 1111 factam,
1093 1036 1146 1100 ille
1168 1036 1210 1100 ab
1224 1043 1362 1114 utroque
1379 1033 1476 1098 fratre

217 1143 351 1207 consilio
374 1150 521 1224 paratam
545 1161 616 1205 esse
636 1150 752 1216 narrat,
776 1140 892 1204 nullius
913 1142 1037 1206 videtur
1051 1141 1216 1205 momenti.
1250 1139 1336 1202 Nam
1353 1159 1476 1202 errasse

218 1250 344 1312 videtur
366 1248 538 1321 Diodorus,
560 1266 634 1309 cum
657 1265 701 1308 ex
715 1246 782 1309 eius
798 1247 979 1308 narratione
995 1266 1060 1309 non
1081 1247 1300 1328 perspiciatur,
1324 1263 1380 1306 cur
1395 1253 1476 1308 uter·

219 1373 283 1434 que
306 1352 403 1415 frater
425 1350 558 1433 fugerit,
589 1351 709 1433 quippe
732 1370 870 1431 quorum
893 1350 974 1413 alter
992 1359 1079 1414 certe
1100 1351 1141 1414 sit
1162 1350 1324 1414 innocens.
1368 1348 1477 1412 Etiam

219 1459 391 1521 inhaere
414 1455 550 1518 fortasse
572 1456 689 1519 erravit
710 1455 888 1532 historicus,
912 1456 1001 1537 quod
1022 1476 1050 1524 c,
1073 1471 1114 1537 72
1139 1454 1157 1538 ἓ
1181 1470 1200 1536 7
1227 1454 1371 1517 omnium
1388 1453 1477 1516 solus

219 1562 327 1637 tradit,
349 1560 563 1624 Telamonem
582 1558 720 1641 Cychrei
742 1559 841 1624 filiam
857 1558 1014 1622 Glaucam
1030 1560 1061 1622 in
1077 1559 1317 1623 matrimonium
1337 1558 1479 1622 duxisse.

221 1665 321 1748 Quod
344 1664 420 1728 mihi
442 1665 506 1727 iam
529 1683 602 1726 eam
624 1664 667 1727 ob
690 1685 820 1727 causam
843 1673 1029 1746 suspectum
1051 1674 1115 1741 est,
1147 1667 1223 1747 quia
1244 1664 1362 1731 liberos
1385 1666 1479 1730 Tela·

221 1791 277 1834 mo
300 1792 343 1833 ex
365 1791 405 1832 ea
426 1789 491 1832 non
512 1779 669 1849 procreat.
713 1771 840 1834 Revera
861 1778 970 1832 autem
998 1789 1019 1831 a
1040 1769 1226 1852 Pherecyde
1252 1773 1404 1835 traditum
1430 1781 1480 1836 est

221 1875 312 1958 (bibl.
334 1895 367 1956 p.
394 1890 451 1954 113
475 1873 494 1936 l.
521 1891 558 1955 19
579 1876 679 1956 sqq),
707 1874 920 1938 Telamonem
943 1872 1086 1937 Glaucae
1109 1873 1247 1957 Cychrei
1269 1876 1355 1940 filiae
1383 1875 1479 1940 fuisse

221 1979 331 2043 filium.

310 2084 424 2166 Capite
455 2099 491 2166 71
528 2083 691 2146 Diodorus
720 2083 951 2167 Aesculapium
980 2083 1081 2147 filium
1103 2085 1266 2167 Apollinis
1293 2099 1327 2153 et
1349 2089 1479 2153 Coroni·

223 2191 273 2254 dis
294 2190 379 2264 dicit,
402 2190 484 2252 sicut
498 2188 719 2270 Apollodorus
743 2189 784 2270 (p.
805 2189 906 2267 105'1.
925 2205 964 2251 22
981 2191 1077 2272 sqq).
1111 2190 1197 2254 Tum
1213 2202 1347 2276 uterque
1363 2204 1479 2272 narrat,

224 2294 371 2375 (Diodor.
400 2307 437 2373 71
463 2295 483 2372 ξ
510 2309 606 2372 1-3,
636 2293 712 2357 bibl.
736 2314 767 2376 p.
796 2293 855 2359 106
884 2293 904 2355 l.
933 2295 1052 2375 6—12)
1080 2295 1328 2379 Aesculapium,
1360 2299 1481 2382 quippe

224 2398 279 2478 qui
302 2407 448 2460 mortuos
471 2406 538 2459 arte
559 2417 616 2459 sua
631 2397 663 2458 in
678 2397 777 2459 vitam
794 2409 985 2472 revocasset,
1007 2420 1027 2461 a
1041 2401 1119 2463 Iove
1137 2400 1268 2465 fulmine
1285 2424 1355 2466 esse
1372 2405 1479 2477 ictum,

224 2502 412 2583 Apollinem
435 2509 553 2576 autem,
577 2522 659 2576 cum,
684 2502 738 2583 qui
760 2500 815 2563 filii
837 2511 975 2576 mortem
998 2503 1210 2581 ulcisceretur,
1240 2506 1403 2591 Cyclopes
1426 2507 1482 2571 ful·

228 2610 350 2671 minum
386 2606 594 2670 fabricatores
625 2606 852 2680 interfecisset,
887 2607 1014 2670 mortali
1046 2609 1172 2672 cuidam
1205 2613 1323 2676 servire
1354 2633 1374 2675 a
1403 2613 1482 2676 Iove

224 2716 346 2778 iussum
368 2733 448 2776 esse.
494 2710 715 2793 Apollodorus
736 2711 897 2787 nonnulla,
922 2721 957 2775 ut
979 2712 1072 2787 solet,
1095 2713 1194 2778 habet
1213 2715 1360 2780 Diodoro
1379 2717 1481 2799 plura,

226 2820 285 2884 sed
318 2820 456 2895 omittit,
489 2817 660 2880 Plutonem
692 2815 925 2899 Aesculapium
956 2817 1137 2883 adcusasse.
1188 2821 1366 2902 Aesculapi
1386 2820 1483 2886 ¹filios

226 2925 425 2989 Graecorum
453 2931 566 2986 contra
587 2920 720 2983 Troiam
741 2922 955 3004 expeditionis
976 2922 1147 3005 participes
1174 2923 1284 3002 fuisse,
1314 2947 1358 2989 ex
1383 2926 1482 2990 Iliade

226 3032 308 3093 inter
341 3049 456 3092 omnes
488 3037 557 3090 erat
590 3035 718 3102 notum;
756 3045 814 3088 eos
847 3037 955 3090 autem
986 3036 1119 3111 propter
1152 3031 1265 3092 merita
1298 3052 1317 3094 a
1351 3030 1483 3094 Graecis

226 3136 378 3200 liberatos
407 3154 478 3196 esse
507 3132 649 3217 periculo
677 3132 840 3212 pugnandi
868 3133 1081 3212 omnibusque
1110 3132 1238 3209 officiis,
1269 3138 1356 3218 apud
1385 3137 1484 3200 alium

227 3240 504 3321 mythographum
527 3258 591 3300 non
613 3237 727 3300 inveni.

313 3343 361 3408 Ut
383 3346 425 3406 ad
446 3344 552 3426 capita
573 3343 617 3423 69
638 3351 671 3406 et
693 3357 751 3424 70,
782 3341 897 3422 quibus
919 3342 1083 3406 Diodorus
1104 3343 1146 3406 de
1168 3343 1316 3426 Lapithis
1345 3353 1377 3406 et
1401 3345 1485 3410 Cen·

226 3453 325 3516 tauris
347 3450 487 3525 disserit,
512 3448 711 3521 accedamus,
736 3467 887 3508 moneam
909 3447 1005 3510 Penei
1028 3449 1155 3530 generis
1177 3458 1315 3512 stemma
1338 3449 1485 3512 fortunae

227 3558 346 3621 invidia
368 3564 495 3638 praeter
521 3554 606 3616 hunc
629 3552 736 3614 locum
758 3572 926 3632 nusquam,
950 3563 1106 3632 quantum
1129 3555 1205 3629 scio,
1228 3574 1300 3617 esse
1322 3553 1484 3616 traditum.

227 3664 341 3745 Itaque
365 3659 440 3722 nihil
462 3678 597 3742 possum
619 3659 774 3720 adnotare
803 3657 844 3718 ad
874 3659 895 3736 ξ
927 3673 1006 3736 1-3
1036 3659 1093 3720 nisi
1123 3659 1246 3723 scholia
1268 3659 1302 3721 A
1324 3659 1387 3721 266
1408 3659 1434 3719 Β
1457 3659 1486 3720 L

229 3777 263 3830 et
281 3766 326 3829 M.
355 3767 413 3827 128
427 3765 499 3827 AD
522 3764 632 3826 itidem
640 3762 682 3844 64)
703 3762 836 3837 tradere,
859 3760 1035 3844 Lapitham
1056 3762 1157 3825 filium
1179 3784 1250 3828 esse
1272 3764 1434 3847 Apollinis
1455 3772 1488 3826 et

231 3872 363 3946 Stilbae,
386 3871 482 3933 Penei
502 3868 595 3944 filiae,
619 3877 652 3930 et
665 3866 855 3930 Phorbantis
878 3866 987 3944 filium,
1011 3867 1141 3930 Actoris
1160 3868 1300 3943 fratrem,
1323 3868 1486 3950 Aegeum,

230 3979 285 4058 qui
312 3979 344 4039 in
367 3975 501 4038 Diodori
529 3973 720 4036 editionibus
744 3973 812 4055 (IV.
835 3973 886 4051 69.
912 3988 928 4051 3
952 3972 1032 4056 init.)
1063 3974 1168 4048 audit,
1200 3974 1360 4037 neminem
1389 3973 1487 4035 alium

231 4103 303 4146 esse
330 4091 427 4162 atque
459 4081 612 4161 Augeam
635 4077 735 4141 Elidis
762 4097 889 4158 regem,
920 4078 1008 4141 cuius
1030 4079 1149 4140 bovilia
1174 4078 1330 4142 Hercules
1359 4087 1487 4160 purgat,

319 4309 355 4377 ⁶⁴)
374 4312 413 4362 Cf.
431 4311 464 4361 ad
483 4306 501 4375 ξ
522 4321 532 4358 1
554 4309 661 4358 Hesiodi
680 4308 780 4370 Theog.
799 4317 849 4370 337
868 4313 894 4355 et
911 4304 1013 4354 Pindari
1031 4304 1105 4367 Pyth.
1123 4305 1169 4355 IX.
1191 4317 1229 4366 14.
