3480 5030
749 419 960 481 „29-

231 579 339 632 autem
361 569 488 632 titulum
511 570 621 633 libello
643 580 755 652 aptum
778 591 857 645 esse,
882 591 979 650 quem
997 570 1159 633 Diodorus
1180 572 1330 646 excussit,
1355 573 1484 634 demon-

230 685 333 737 strant
357 675 455 737 verba
484 697 512 739 c.
535 691 571 756 71
599 679 619 755 ἓ
641 693 662 752 4
682 675 778 738 haec:
813 673 1009 759 »διῃρημένης
1031 674 1064 737 δὲ
1085 683 1139 754 τῆς
1165 675 1328 754 δυνάμεως,
1352 677 1402 738 καὶ
1424 685 1485 738 τῶν

229 778 284 859 μὲν
313 780 431 862 ἀνδρῶν
458 789 695 863 στρατηγοῦντος
716 779 873 857 Διονύσου,
908 788 969 840 τῶν
1000 779 1032 841 δὲ
1062 789 1210 860 γυναικῶν
1239 783 1293 860 τὴν
1325 781 1485 862 ἡγεμονίαν

231 885 353 966 ἐχούσης
369 879 517 965 Ἀθηνᾶςι
530 885 580 965 ⁸4).

316 991 420 1053 Pauca
443 990 590 1053 addenda
612 998 695 1056 sunt.
740 988 862 1071 Capitis
888 1004 923 1068 55
950 992 970 1069 ξ
993 991 1021 1064 8,
1045 990 1099 1052 ubi
1121 989 1367 1053 Samothracam
1390 1000 1484 1054 antea

233 1094 366 1158 Samum
388 1097 584 1157 nominatam
614 1115 684 1156 esse
714 1093 885 1156 nonnullos
919 1095 1045 1157 tradere
1074 1096 1223 1170 adnotat,
1256 1096 1419 1158 Diodorus
1441 1117 1484 1159 ex

233 1202 295 1264 alio
325 1201 411 1263 sonte
440 1201 585 1274 inseruit,
615 1219 680 1280 quo
703 1201 800 1262 etiam
822 1199 864 1260 V.
887 1215 928 1279 47
952 1220 1027 1261 usus
1057 1209 1121 1276 est;
1152 1201 1241 1263 cuius
1264 1210 1380 1268 ¹auctor
1402 1201 1484 1263 hanc

234 1317 342 1369 notam
365 1325 408 1366 ex
428 1305 613 1368 Aristotelis
634 1305 714 1367 libro
737 1297 951 1390 Σαμοθρᾴκων
971 1303 1147 1384 πολιτειάθὸ)
1169 1305 1321 1388 inscripto
1339 1308 1484 1388 sumpsit,

233 1413 269 1474 ln
284 1412 396 1492 capitis
419 1411 494 1491 56§
520 1426 538 1471 2
561 1399 695 1472 Homeri
720 1429 830 1471 versus
846 1403 884 1475 Ξ.
907 1424 968 1471 200
990 1429 1038 1488 sq.
1061 1408 1103 1471 ab
1126 1410 1195 1490 ipso
1210 1409 1486 1491 Scytobrachione

234 1519 322 1599 quasi
349 1516 567 1579 testimonium
592 1535 661 1576 esse
683 1515 810 1595 adpicta
834 1514 909 1575 mihi
930 1525 1149 1595 non'possum
1172 1517 1380 1596 persuadere,
1412 1538 1485 1579 cum

234 1643 337 1702 neque
360 1619 669 1702 Scytobrachionem
691 1619 723 1680 in
745 1639 804 1680 suo
826 1619 866 1680 de
888 1619 1016 1681 Baccho
1038 1619 1119 1681 libro
1142 1619 1321 1682 Homerum
1344 1621 1486 1685 attulisse

234 1728 300 1790 veri
316 1729 355 1789 sit
378 1726 488 1799 simile,
513 1744 617 1806 neque
638 1725 718 1786 Iuno
740 1723 871 1785 omnino
894 1724 925 1786 in
947 1723 1009 1787 hoc
1030 1725 1186 1805 opusculo
1207 1735 1485 1796 commemoretur.

236 1832 454 1894 Atlantiorum
477 1839 585 1891 autem
607 1827 720 1892 fabulis
742 1829 910 1890 occasione
934 1850 1023 1902 usus,
1055 1850 1151 1911 quam
1174 1830 1322 1911 praebuit
1342 1831 1488 1892 Βασίλεια

236 1939 254 2017 ἡ
276 1935 390 2018 μεγάλη
408 1935 510 2016 μήτηρ
531 1934 630 1996 Urani
652 1931 729 2007 tilia,
760 1933 957 2015 Hyperionis
980 1954 1077 2009 uxor,
1109 1955 1127 1996 a
1149 1934 1307 2017 Dionysio
1335 1938 1386 2016 (57
1411 1939 1431 2015 ξ
1456 1939 1486 2016 3)

237 2051 508 2115 commemorata,
531 2040 694 2101 Diodorus
716 2058 759 2100 ex
788 2039 849 2100 alio
873 2039 961 2101 fonte
982 2040 1088 2121 capita
1112 2040 1149 2121 58
1172 2050 1205 2102 et
1230 2054 1269 2119 59
1290 2042 1330 2103 de
1354 2039 1487 2120 Cybela,

237 2147 404 2209 inseruisse
427 2146 559 2207 videtur.
593 2143 678 2205 Nam
700 2163 896 2225 quamquam
915 2144 1075 2226 Apollinis
1097 2153 1130 2207 et
1144 2144 1294 2224 Marsyae
1317 2155 1488 2221 certamen,

237 2252 325 2332 quod
347 2271 373 2313 c.
401 2264 440 2329 59
461 2253 481 2328 ξ
505 2265 523 2311 2
544 2268 616 2329 sqq.
639 2246 787 2321 refertur,
816 2247 926 2326 Nysae
954 2248 1081 2312 Baccho
1110 2259 1277 2330 praesente
1300 2259 1332 2312 et
1353 2250 1491 2331 Nysaeis

237 2354 391 2420 iudicibus
409 2353 459 2428 -fit,
483 2363 592 2415 tamen
607 2353 694 2415 nullo
710 2353 773 2415 alio
790 2351 917 2414 vinculo
934 2353 1013 2417 haec
1032 2355 1137 2435 capita
1156 2374 1230 2417 cum
1246 2352 1494 2434 Scytobrachio

238 2462 286 2523 nis
302 2462 353 2524 uel
369 2459 575 2538 Tlrymoetae
596 2457 827 2520 narrationibus
842 2456 1022 2521 cohaerent.
1054 2459 1222 2522 Praeterea
1236 2479 1318 2533 cum,
1335 2470 1491 2539 quantum

238 2566 375 2646 Dionysi
391 2573 574 2626 commenta
589 2582 783 2644 cognoscere
804 2562 886 2637 licet,
904 2582 968 2624 non
984 2565 1180 2627 inveniantur
1198 2564 1302 2626 variae
1317 2565 1359 2627 de
1374 2566 1491 2627 eodem

237 2671 368 2733 homine
391 2671 457 2732 sive
480 2670 542 2731 deo
563 2668 722 2741 historiae,
748 2687 812 2729 non
834 2665 885 2728 hic
907 2667 994 2730 solus
1017 2667 1106 2730 locus
1121 2669 1188 2732 aliis
1206 2669 1308 2732 causis
1323 2680 1491 2750 suspectus

238 2776 363 2839 admitti
393 2783 511 2856 potest.
556 2774 704 2855 Denique
726 2771 895 2835 historicus
917 2794 951 2834 se
981 2773 1087 2853 capita
1116 2773 1168 2836 illa
1197 2775 1322 2837 aliunde
1354 2776 1490 2838 inserere

240 2883 309 2962 ipse
332 2878 424 2942 fateri
447 2881 570 2942 videtur
593 2899 620 2940 c.
646 2880 684 2957 58
708 2881 728 2957 ᾗ
753 2895 783 2940 1:
819 2876 1037 2960 »παραδέδοται
1061 2875 1094 2938 δὲ
1121 2886 1176 2957 τῆς
1203 2884 1280 2942 θεοῦ
1308 2881 1418 2959 ταύτης
1441 2881 1491 2940 καὶ

240 2987 318 3048 κατὰ
352 2986 408 3065 τὴν
442 2985 578 3066 Φρυγίαν
607 2982 747 3065 γένεσιςι,
770 2991 848 3044 ete.
875 2998 914 3062 59
943 2986 963 3062 ξ
986 2985 1004 3045 8
1027 3005 1052 3044 S.
1076 2982 1095 3045 f.
1124 2984 1206 3064 »περὶ
1228 2983 1283 3062 μὲν
1305 2980 1356 3046 οὖν
1377 2985 1492 3066 μητρὸς

239 3095 323 3153 θεῶν
347 3098 474 3150 τοιαῦτα
498 3091 713 3169 μυθολογεῖται
734 3086 817 3168 παρά
843 3110 874 3147 τε
902 3096 964 3160 τοῖς
995 3089 1089 3170 Φρυξὶ
1120 3091 1175 3168 (sc.
1199 3108 1225 3150 c.
1251 3091 1289 3166 58
1312 3099 1344 3153 et
1366 3090 1418 3171 59)
1441 3090 1492 3150 καὶ

241 3203 303 3268 τοῖς
322 3193 504 3265 Ἀτλαντίοις
525 3201 589 3265 τοῖς
611 3192 693 3274 παρὰ
714 3192 766 3251 τὸν
783 3181 928 3253 Ὠκέανον
943 3194 1071 3255 οἰκοῦσα
1092 3193 1225 3273 (scilicet
1246 3214 1272 3256 c.
1293 3207 1330 3273 57
1347 3198 1366 3274 ξ
1386 3197 1490 3276 3-8).

329 3299 450 3381 Capitis
472 3299 509 3360 61
537 3301 557 3379 ξ
583 3315 599 3376 3
621 3297 742 3359 initium
767 3298 808 3359 ad
831 3297 850 3358 l.
874 3297 916 3360 V.
939 3319 965 3360 c.
989 3301 1031 3376 64
1053 3308 1187 3380 spectat,
1212 3299 1300 3380 quod
1323 3319 1341 3361 a
1364 3297 1491 3379 Seytro·
1564 3328 1566 3336 ·

240 3406 412 3470 brachione
435 3403 572 3466 alienum
595 3422 667 3465 esse
689 3411 833 3484 apparet.

328 3510 442 3592 Capite
465 3525 506 3590 73
530 3511 550 3588 ξ
574 3524 592 3569 2
615 3508 784 3570 historicus
811 3508 960 3580 adnotat,
987 3510 1162 3570 secundum
1185 3507 1355 3570 nonnullos
1385 3527 1494 3572 revera

240 3619 439 3681 Ammonem
478 3614 582 3677 arietis
618 3632 738 3675 cornua
770 3611 879 3674 tulisse
913 3631 950 3673 ac
984 3622 1155 3693 propterea
1188 3615 1284 3677 etiam
1321 3612 1492 3688 Bacchum,

241 3724 360 3806 quippe
383 3722 436 3801 qui
460 3721 526 3783 eius
548 3718 641 3782 fuerit
662 3717 760 3782 filius:
790 3717 972 3793 adnotatio,
1003 3737 1086 3798 quae
1108 3717 1183 3780 nihil
1212 3720 1253 3781 ad
1276 3739 1343 3781 rem
1366 3718 1440 3782 facit
1462 3729 1494 3782 et

241 3831 347 3909 inepte
368 3826 582 3888 narrationem
605 3823 721 3898 turbat,
745 3822 826 3900 talis,
849 3822 977 3902 qualem
1000 3831 1032 3884 et
1056 3831 1124 3885 tum
1145 3833 1177 3886 et
1199 3825 1295 3886 hodie
1313 3825 1409 3887 etiam
1428 3825 1494 3886 sine

241 3931 423 3996 auctoribus
447 3952 527 3994 unus
550 3931 684 4011 quisque
708 3949 765 4011 per
786 3949 821 3990 se
843 3925 947 3990 facere
969 3935 1086 4007 potest.

328 4116 363 4186 ³⁴)
383 4118 465 4181 Quem
486 4119 571 4168 locum
595 4117 646 4166 iam
670 4118 702 4166 nb
725 4116 874 4165 Hermanno
898 4114 1002 4164 allatum
1026 4129 1092 4176 esse,
1120 4097 1281 4165 Godosredus
1300 4115 1445 4180 Bernhardy
1463 4117 1496 4166 ad

243 4207 336 4260 Suidae
354 4208 439 4256 locum
456 4207 570 4256 adnotat.
591 4232 623 4241 -
647 4204 788 4254 Fridericus
806 4201 838 4256 G.
856 4201 975 4251 Welcker
999 4199 1139 4256 Διονύσου
1158 4206 1206 4256 καὶ
1228 4197 1345 4268 Ἀθηνᾶς
1363 4198 1495 4274 στρατιάν

243 4300 294 4348 duo
312 4311 389 4362 opera
407 4310 460 4344 esse
477 4293 585 4344 coniecit
604 4291 730 4357 (epischer
748 4290 845 4355 Cyklus
862 4287 897 4339 1²
915 4307 940 4355 p.
960 4288 1012 4357 77).

328 4382 364 4451 ³¹⁵)
383 4401 407 4435 v.
425 4382 504 4435 schol.
522 4381 644 4447 Apollon.
663 4381 712 4432 Rh.
731 4381 752 4429 Ι.
772 4391 832 4443 917,
852 4379 870 4429 l.
889 4391 922 4428 20
942 4393 998 4443 sqq.
