3438 5028
728 406 939 468 -92„

204 556 311 619 Caroli
341 557 466 621 Robert
496 568 528 621 et
557 559 698 620 Eduardi
733 557 897 622 Schwartz
931 561 1121 622 sententiam
1156 562 1299 642 adparet.
1352 560 1465 639 Atque

203 664 424 726 demonstrare
446 665 570 726 etiamsi
593 684 657 725 non
680 683 823 744 possum,
847 673 955 726 tamen
979 665 1080 728 simile
1101 667 1231 747 quidem
1248 665 1312 726 veri
1330 665 1464 734 reddere
1542 705 1545 710 -

203 766 355 828 conabor.
401 770 616 850 Reperiuntur
638 777 745 832 autem
767 789 821 844 ea,
853 789 937 848 qnae
960 769 1103 832 Theonis
1126 780 1208 844 sunt,
1238 770 1463 851 comparandis

204 871 359 950 Apolloni
383 874 511 936 scholiis
529 893 603 935 curn
621 873 749 935 scholiis
765 875 805 935 ad
821 873 1040 956 Theocritum,
1063 876 1326 957 Lycophronem‚
1351 877 1463 937 Nican-

203 976 307 1049 drum,
332 999 404 1039 cum
429 989 582 1058 quattuor
604 979 675 1040 illos
698 979 870 1058 scriptores
894 979 1064 1042 aTheone
1080 983 1318 1043 commentariis
1336 981 1464 1042 instruc-

203 1089 256 1142 tos
275 1102 344 1143 esse
359 1086 511 1146 tradatur.
544 1083 641 1163 Quod
657 1084 767 1145 iniuria
781 1087 911 1164 negavit
926 1085 1095 1147 Eduardus
1112 1085 1275 1149 Schwartz
1292 1087 1332 1167 (p.
1351 1103 1391 1163 30
1403 1087 1464 1165 sq.)

205 1206 310 1265 neque
341 1197 426 1249 recte
457 1189 628 1262 conclusit,
659 1209 732 1249 cum
763 1189 866 1251 multo
889 1190 1037 1252 breviora
1060 1201 1166 1254 essent
1189 1201 1221 1253 et
1243 1190 1375 1253 exiliora
1401 1189 1462 1263 illa,

205 1310 302 1370 quam
319 1292 539 1372 Apolloniana
562 1301 595 1354 et
615 1295 656 1355 ad
679 1295 771 1355 nimis
795 1295 920 1356 diversa
935 1315 1054 1375 genera
1072 1297 1276 1376 pertinerent,
1300 1294 1463 1356 Theocriti

204 1395 394 1459 scholiastes
425 1418 468 1458 ex
499 1396 670 1478 Sophoclis
698 1400 799 1480 copiis
828 1399 981 1462 hausisse.
1026 1401 1111 1462 Nam
1141 1401 1181 1462 ad
1215 1401 1298 1462 hanc
1332 1419 1464 1480 pauper·

204 1510 305 1563 tatem
339 1503 454 1564 invidia
486 1513 670 1583 temporum
701 1504 940 1586 scribarumque
977 1505 1181 1586 neglegentia
1213 1507 1342 1568 redacta
1380 1514 1462 1578 sunt,

205 1627 309 1686 neque
341 1608 472 1668 omnino
502 1608 636 1687 cogitari
668 1619 775 1689 potest
805 1611 1007 1689 potissimum
1037 1620 1170 1692 propter
1200 1630 1353 1690 generum
1377 1609 1463 1670 illam

205 1713 422 1774 diversitatem
435 1712 597 1774 Theocriti
610 1715 816 1794 interpretem
832 1713 990 1795 Apolloni
1005 1717 1254 1778 commentarios
1277 1715 1463 1794 inspexisse,

204 1827 239 1878 ut
262 1816 386 1880 sabulas
409 1819 497 1880 velut
519 1819 561 1878 de
573 1818 766 1880 Prometheo
791 1818 901 1899 (schol.
923 1819 1085 1882 Theocrit.
1109 1821 1140 1881 id
1162 1821 1216 1882 III.
1238 1824 1279 1900 76
1301 1819 1463 1881 :schol

204 1921 270 2003 Ap.
286 1922 347 1983 Rh.
371 1923 410 1984 II.
439 1925 531 2002 1248)
554 1913 609 1984 aut
631 1925 672 1985 de
687 1923 893 2003 Endymione
917 1923 1030 2006 (schol.
1049 1925 1210 1987 Theocrit.
1234 1926 1264 1985 id
1287 1925 1341 1990 ΙΙΙ.
1365 1942 1407 2003 49
1423 1954 1465 1977 --

204 2027 304 2090 schol.
329 2027 394 2108 Ap.
420 2027 562 2090 1111111.
589 2029 638 2108 57)
663 2031 883 2108 cognosceret.
930 2030 1042 2109 Itaque
1067 2031 1241 2092 rectissime
1264 2030 1346 2092 hanc
1373 2031 1479 2092 ration

205 2152 279 2194 nem
298 2131 440 2194 Theonis
464 2134 713 2195 commentarios
736 2134 914 2195 inveniendi
938 2134 1152 2197 adhibendam
1176 2155 1247 2196 esse
1270 2135 1463 2216 censeo115).

203 2238 282 2298 Inde
305 2247 413 2298 autem
437 2237 550 2311 elucet,
573 2238 742 2299 Theonem
767 2240 809 2301 ad
825 2239 981 2320 Apolloni
1005 2260 1134 2302 carmen
1162 2241 1369 2320 adscripsisse
1384 2240 1465 2301 haec

205 2343 346 2422 pretiosa
375 2341 511 2405 scholia:
541 2343 581 2404 de
607 2343 812 2422 Endymione
836 2345 948 2427 (schol.
973 2345 1039 2427 Ap.
1063 2344 1125 2412 Rh.
1146 2344 1204 2406 IV.
1231 2358 1269 2422 57
1299 2376 1341 2398 :-
1364 2344 1462 2406 schol.

205 2447 367 2512 Theocrit.
390 2448 445 2511 ΙΙΙ.
468 2449 533 2527 49),
555 2449 595 2509 de
610 2448 805 2510 Prometheo
829 2450 939 2532 (schol.
957 2450 1021 2531 Ap.
1041 2449 1102 2512 Rh.
1125 2449 1163 2510 ΙΙ.
1193 2451 1270 2524 1248
1293 2477 1336 2500 =
1363 2445 1462 2508 schol.

205 2552 367 2614 Theocrit.
390 2552 445 2613 III.
468 2552 530 2632 76),
555 2555 595 2615 de
622 2553 830 2644 Melampode
855 2555 964 2636 (schol.
988 2555 1054 2636 Ap.
1080 2554 1142 2616 Rh.
1165 2555 1190 2621 I.
1219 2570 1272 2614 121
1295 2582 1338 2604 =
1360 2549 1459 2612 schol.

209 2657 372 2724 Theocrit.
412 2657 466 2718 ΙΙΙ.
504 2659 576 2738 43),
620 2660 660 2720 de
680 2647 854 2721 'Mantone
886 2660 1027 2721 Tiresiae
1063 2658 1127 2721 filia
1164 2657 1275 2740 (schol.
1314 2657 1464 2722 Nicandr.

206 2762 306 2824 Ther.
330 2763 392 2841 958
423 2791 466 2813 =
496 2763 596 2825 schol.
627 2765 696 2831 Nic.
724 2764 819 2827 Alex.
849 2782 880 2824 11
907 2794 949 2816 =
969 2763 1066 2826 schol.
1089 2765 1154 2845 Ap.
1178 2763 1240 2825 Rh.
1264 2761 1287 2823 I.
1314 2761 1463 2842 308)¹¹⁰).

206 2865 298 2946 Quas
327 2865 451 2929 fabulas
490 2869 530 2928 ad
559 2867 824 2947 Argonautarum
855 2870 1096 2949 expeditionem
1137 2869 1334 2949 pertinentes
1370 2866 1463 2927 Theo

49 2973 247 3034 zafad
280 2972 436 3053 Apolloni
466 2993 576 3034 versus
608 2974 825 3046 adnotaverit,
867 2983 1040 3053 propterea
1070 2974 1110 3035 ad
1134 2973 1366 3034 enucleandum
1389 2969 1465 3033 dilli-

206 3077 358 3138 cillimum
381 3085 445 3156 est„
463 3077 537 3156 quia
560 3077 629 3138 illas
653 3077 776 3140 fabulas
800 3077 991 3140 Theocritus
1018 3088 1050 3140 et
1072 3078 1233 3140 Nicander
1256 3077 1311 3142 vix
1334 3077 1466 3138 strinxe-

208 3191 280 3243 runt
303 3192 335 3243 et
360 3163 471 3244 vetera
502 3182 728 3263 Lycophronis
757 3181 878 3244 scholia
902 3184 1065 3261 quondam
1096 3184 1163 3244 sine
1190 3182 1288 3245 dubio
1312 3182 1467 3244 ditissima

207 3289 382 3348 miserrime
406 3287 533 3350 concisa
556 3288 627 3355 sint.
661 3287 786 3348 Tamen
807 3287 941 3367 vestigia
962 3307 1027 3348 non
1050 3289 1181 3350 desunt:
1208 3288 1295 3350 velut
1318 3290 1359 3349 de
1378 3287 1467 3367 Hyla

208 3392 302 3454 Theo
324 3391 470 3453 disseruit
493 3391 535 3453 ad
555 3392 620 3473 Ap.
643 3392 705 3454 Rh.
727 3391 750 3452 I.
780 3392 859 3470 1236
883 3395 936 3472 (z
959 3391 1059 3457 schol.
1075 3392 1237 3455 Theocrit.
1256 3394 1295 3455 id.
1312 3392 1399 3454 XIII.
1414 3392 1466 3472 46)

208 3507 243 3559 et
270 3497 297 3559 I.
326 3513 378 3574 131
406 3495 458 3578 (cs.
491 3496 591 3562 schol.
618 3497 780 3558 Theocrit.
812 3497 852 3559 id.
883 3496 969 3558 XIII.
993 3498 1026 3578 7)
1060 3519 1098 3560 ac
1120 3503 1255 3560 fortasse
1278 3499 1318 3559 de
1341 3496 1467 3577 Cytaeo

153 3627 157 3636 ¹
209 3603 331 3683 oppido
345 3600 507 3664 Colchidis
526 3603 572 3663 vad
594 3601 660 3683 Ap.
677 3603 738 3664 Rh.
755 3603 794 3666 II.
817 3618 879 3681 399
902 3601 954 3684 (ci.
973 3601 1173 3682 Lycophron
1200 3619 1268 3683 172,
1295 3619 1374 3681 1312
1395 3622 1468 3664 cum
1527 3583 1531 3591 ’

207 3707 342 3786 scholl.).
378 3705 583 3790 Quamquam
606 3709 700 3788 igitur
717 3718 809 3793 ,certe
825 3727 957 3787 parvam
984 3708 1084 3769 modo
1100 3707 1256 3788 Apolloni
1273 3705 1469 3768 scholiorum

209 3823 335 3894 partem
358 3812 484 3896 Theoni
513 3815 651 3876 tribuere
674 3811 764 3885 licet,
796 3821 905 3873 tamen
928 3810 1131 3874 manifestum
1160 3822 1217 3885 est,
1250 3831 1323 3872 eum
1352 3811 1470 3872 multas

297 4001 344 4068 ¹¹⁵)
361 4005 492 4055 Udalricus
510 4006 542 4054 de
560 4003 729 4054 Wilamowitz
747 4003 835 4051 eadem
849 4003 944 4052 ratione
957 4003 1069 4052 Theonis
1087 4003 1172 4066 copias
1190 4001 1360 4065 investigandi
1373 4003 1463 4050 utitur:

208 4110 232 4143 v.
254 4108 292 4142 ex.
312 4109 348 4156 gr.
367 4094 459 4156 Isyllos
477 4110 527 4142 von
546 4093 690 4156 Epidauros
708 4109 733 4156 p.
756 4102 802 4152 177
821 4107 846 4140 n.
865 4105 906 4154 33,
927 4091 1071 4155 Antigonus
1089 4107 1140 4139 von
1159 4091 1278 4154 Carystus
1296 4107 1321 4155 p.
1342 4101 1381 4152 70.

295 4177 344 4246 ¹¹⁶)
365 4183 479 4231 Fortasse
498 4199 513 4230 a
531 4183 636 4230 Theone
664 4179 788 4244 adscripta
814 4188 872 4229 sunt
891 4180 967 4228 etiarn
994 4179 1118 4228 scholium
1143 4182 1192 4244 Ap.
1211 4179 1263 4228 Rh.
1283 4179 1329 4228 IV.
1349 4178 1407 4240 814,
1434 4177 1467 4227 cf.

210 4271 337 4336 Lycophr.
359 4282 415 4334 174,
436 4279 460 4319 et
479 4271 558 4320 schol.
588 4270 620 4319 de
647 4269 747 4318 Achille
775 4268 800 4316 in
829 4267 921 4332 Elysiis
945 4267 1039 4332 campis
1064 4268 1169 4316 Medeae
1194 4268 1291 4326 marito,
1316 4266 1395 4316 schol.
1420 4268 1470 4330 Ap.

211 4360 261 4408 Rh.
283 4361 303 4410 Ι.
323 4360 372 4422 916
392 4359 479 4408 confer
497 4375 554 4408 cum
573 4358 698 4422 Lycophr.
720 4370 749 4420 73
770 4365 795 4407 et
814 4371 862 4419 219
884 4372 941 4405 cum
960 4356 1038 4405 schol.
1057 4357 1088 4405 de
1107 4356 1278 4404 Samothraca.
