3438 5028
772 395 980 470 „58-

249 564 314 626 rico
336 583 413 626 usos
435 585 521 637 esse,
552 583 649 626 sanus
680 583 776 624 nemo
813 562 966 642 suspicari
1000 563 1115 642 possit,
1153 583 1229 625 num
1259 573 1344 626 tue
1374 565 1513 628 diversis

249 667 389 730 sontibus
412 677 461 729 tot
483 669 597 730 similia
619 679 651 731 et
673 671 763 750 paria
785 666 915 729 fluxisse
938 665 1150 747 praetendas?

335 807 384 868 At
405 807 570 869 mittamus
590 806 682 875 haec.
727 807 860 868 Iamiam
879 806 963 868 enim
985 806 1111 866 exsistit
1128 807 1285 886 quaestio,
1308 818 1415 870 utrum
1430 810 1510 872 Dio·

249 914 347 975 dorus
369 912 400 973 in
422 911 483 974 hac
507 912 606 974 modo
625 933 725 994 parva
747 921 839 993 parte
868 920 1050 984 auctorem,
1082 911 1135 990 qui
1165 909 1290 973 fabulas
1320 933 1453 993 graecas
1477 917 1510 978 in

248 1035 403 1096 generum
424 1016 649 1090 stemmatibus
671 1017 806 1078 insertas
836 1015 950 1089 edidit,
974 1024 1103 1077 secutus
1125 1017 1183 1090 sit,
1215 1027 1251 1078 ut
1273 1026 1347 1080 Otto
1371 1017 1509 1082 Sieroka

249 1122 308 1184 sibi
329 1122 496 1202 persuasit,
519 1143 560 1185 an
583 1122 680 1185 etiam
703 1121 764 1182 alia
787 1120 1049 1201 genealogiarum
1072 1121 1206 1201 vestigia
1236 1131 1269 1182 et
1296 1122 1346 1184 alii
1369 1123 1509 1188 Diodori

249 1225 312 1290 loci
342 1224 606 1306 mythographiS,
637 1224 791 1306 imprimis
823 1224 1031 1306 Apollodoro
1065 1225 1183 1287 similes
1215 1228 1340 1307 possint
1367 1233 1507 1294 ostendi.

248 1334 347 1395 Posse
369 1351 488 1405 revera,
510 1330 638 1391 iamiam
662 1338 697 1391 ut
716 1329 772 1391 tibi
793 1330 1006 1410 persuadeam
1031 1329 1178 1392 studebo.

334 1469 467 1544 Siculus,
492 1470 544 1551 qui
566 1469 654 1530 initio
677 1468 747 1530 libri
769 1469 818 1530 IV
847 1490 882 1531 se
914 1469 1018 1549 primo
1049 1469 1122 1530 loco
1152 1470 1193 1530 de
1222 1468 1352 1532 Baccho
1380 1468 1511 1534 fabulas

250 1578 422 1640 relaturum
446 1595 516 1637 esse
538 1574 624 1649 dicit,
648 1573 752 1654 capite
776 1590 794 1635 2
818 1574 926 1655 incipit
953 1595 973 1635 a
994 1574 1045 1636 dei
1075 1573 1156 1635 illius
1183 1594 1245 1637 avo
1268 1573 1394 1637 Cadmo
1416 1575 1508 1658 Age-

249 1685 335 1745 noris
356 1680 431 1755 filio,
455 1690 496 1755 et,
519 1690 694 1761 postquam
717 1699 791 1740 eum
813 1699 832 1740 a
854 1688 945 1759 patre
968 1684 1139 1760 expulsum
1161 1679 1192 1741 in
1214 1679 1351 1742 Boeotia
1371 1679 1509 1744 Thebas

247 1787 437 1861 condidisse,
461 1796 613 1866 quattuor
634 1783 725 1859 filias,
749 1805 848 1846 unum
868 1783 969 1845 filium
991 1803 1188 1865 procreasse,
1220 1781 1383 1848 Semelam
1406 1806 1507 1850 unam

247 1915 290 1956 ex
312 1893 358 1955 eis
380 1912 400 1954 a
421 1892 498 1953 love
521 1910 739 1971 compressam
763 1898 795 1952 et
814 1910 833 1951 a
854 1889 976 1952 Iunone
991 1891 1161 1970 deceptam
1183 1890 1338 1954 interiisse
1353 1893 1507 1966 narravit,

246 1998 384 2076 denique
414 1999 455 2059 ad
485 1996 589 2076 ipsum
617 1995 714 2057 deum
743 1996 899 2076 pervenit.
943 1995 1057 2076 Itaque
1084 1994 1170 2056 haud
1197 2004 1303 2076 patet,
1334 2017 1390 2058 cur
1420 1995 1508 2060 Otto

247 2100 382 2164 Sieroka
409 2120 474 2162 non
505 2101 600 2162 etiam
630 2100 712 2162 hanc
746 2099 888 2162 fabulam
920 2120 937 2161 e
973 2099 1236 2181 genealogiarum
1266 2100 1363 2175 libro,
1403 2121 1505 2182 quem

246 2215 350 2294 vocat,
381 2224 528 2268 manasse
550 2207 705 2267 statuerit.
749 2205 876 2267 Revera
905 2214 1014 2267 autem
1044 2225 1087 2266 ex
1117 2206 1233 2268 eodem
1264 2216 1396 2268 auctore
1421 2206 1506 2269 Dio·

246 2311 361 2374 dorum
384 2330 457 2372 eam
479 2310 663 2390 sumpsisse,
687 2311 770 2373 unde
793 2319 966 2372 stemmata
988 2320 1021 2373 et
1049 2309 1182 2386 fabulas,
1208 2332 1288 2393 quas
1311 2313 1410 2374 modo
1432 2333 1506 2394 per-

245 2416 458 2490 lustravimus,
483 2413 575 2478 facile
596 2416 809 2496 cognoscitur.

329 2555 554 2637 Apollodorus
572 2555 660 2616 enim
682 2574 714 2634 p.
739 2553 821 2616 801.
849 2571 887 2630 14
909 2574 980 2635 sqq.
1001 2563 1033 2616 et
1056 2574 1086 2634 p.
1111 2554 1194 2631 841.
1219 2571 1257 2634 23
1282 2592 1321 2602 —
1345 2578 1376 2639 p.
1401 2558 1443 2619 86
1466 2569 1503 2622 et

244 2662 366 2742 Hygini
390 2659 516 2724 fabulae
542 2662 600 2741 178
623 2669 655 2722 et
678 2676 737 2740 179
759 2679 889 2741 prorsus
912 2661 1026 2721 eadem
1045 2660 1161 2720 eodem
1184 2661 1294 2724 ordine
1317 2663 1374 2724 sed
1396 2664 1506 2727 multo

243 2766 389 2829 uberiore
412 2785 516 2846 neque
539 2765 703 2827 doctrinae
733 2774 868 2845 experta
896 2765 1077 2826 narratione
1106 2766 1271 2845 praebent.
1316 2767 1389 2847 Ipse
1418 2767 1504 2832 locis

243 2872 446 2953 comparatis,
470 2891 522 2933 me
544 2890 609 2932 non
625 2870 756 2931 nimium
771 2869 891 2931 dixisse
913 2869 969 2932 tibi
990 2870 1194 2949 persuadeas
1226 2869 1374 2934 Semelae
1387 2882 1501 2937 autem

242 2987 363 3039 sortem
385 2975 548 3038 Diodorus
571 2975 667 3036 etiam
690 2973 760 3036 libri
782 2974 837 3039 111.
861 2995 887 3037 c.
903 2974 945 3051 64
968 2976 988 3053 ἓ
1014 2990 1030 3052 3
1052 2993 1123 3056 sqq.
1154 2976 1264 3056 paullo
1293 2974 1406 3052 fusius,
1438 2982 1500 3042 sed

240 3083 369 3144 minime
389 3081 480 3142 aliter
493 3079 599 3146 tradit.
637 3077 736 3159 Quod
755 3079 964 3150 animadverti
984 3088 1016 3140 et
1037 3080 1170 3142 concedi
1185 3101 1259 3143 cum
1275 3102 1347 3145 mea
1363 3083 1498 3160 intersit,

241 3199 411 3265 utrumque
426 3185 562 3247 Diodori
574 3185 682 3247 locum
698 3185 785 3247 iuxta
805 3183 1018 3247 bibliothecae
1033 3185 1132 3247 verba
1149 3196 1193 3271 et·
1203 3185 1326 3268 Hygini
1349 3186 1495 3252 fabulam

219 3289 427 3353 describam.
463 3291 537 3371 lpse
562 3311 733 3371 compares
755 3293 851 3354 etiam
873 3289 974 3352 schol.
990 3285 1027 3356 Ξ.
1047 3287 1104 3369 325
1125 3289 1258 3367 ABDL,
1283 3293 1370 3375 quod
1390 3313 1497 3374 paene

239 3397 279 3458 ad
302 3394 437 3457 verbum
458 3417 533 3458 cum
555 3395 751 3459 bibliotheca
773 3395 932 3457 consentit
940 3397 990 3476 ⁶⁹).

243 3549 352 3598 Diodor.
372 3547 422 3598 ΠΙ.
442 3549 484 3611 64.
505 3563 530 3614 3.
575 3550 680 3600 Diodor.
698 3549 742 3599 IV.
764 3563 788 3608 2,
810 3563 833 3599 2.
876 3547 938 3597 bibl.
951 3564 977 3613 p.
990 3547 1021 3612 85
1045 3549 1062 3601 1.
1076 3562 1108 3612 29
1118 3567 1175 3615 sqq,
1235 3553 1305 3617 Hyg.
1329 3553 1378 3605 lab.
1404 3565 1459 3617 179.

270 3634 464 3704 μυθολογοῦσι
475 3632 531 3703 γὰρ
608 3635 642 3704 τῇ
676 3632 706 3684 δὲ
741 3635 850 3705 Σεμέλῃ
927 3633 1051 3704 Σεμέλης
1062 3632 1093 3686 δὲ
1104 3636 1173 3692 Ζεὺς
1205 3633 1209 3640 “
1251 3638 1319 3688 Iovis
1328 3655 1386 3688 cum
1397 3639 1498 3690 Semele

236 3716 388 3790 ἐρασθέντα
405 3724 461 3771 Δία
483 3740 531 3791 μι-
557 3717 603 3772 διὰ
628 3717 659 3771 τὸ
679 3715 777 3777 κάλλος
793 3724 850 3772 Δία
876 3714 1173 3787 ἓρασθεὶςκρὺφασυν-
1199 3724 1279 3772 voluit
1320 3725 1496 3785 concumbere,

256 3806 338 3871 γῆναι
370 3799 515 3865 πλεονάκις
556 3808 672 3876 μιγέντα
704 3807 751 3856 καὶ
778 3801 849 3874 μεθ’
876 3798 1020 3864 ευνάζεται.

237 3886 305 3960 αὐτῇ
332 3888 377 3954 (sc.
409 3892 529 3962 Σεμέλῃ)
554 3885 670 3957 ἡσυχίας
681 3885 851 3960 ποιούμενον

235 3973 281 4025 διὰ
299 3973 329 4026 τὸ
349 3972 455 4040 κάλλος,
555 3975 603 4035 τὰς
619 3971 731 4046 ὁμιλίας

234 4191 442 4200 ——-

317 4347 354 4414 69)
371 4367 396 4400 v.
414 4351 529 4402 Eduard.
550 4352 692 4402 Schwartz:
715 4351 747 4399 de
765 4349 868 4400 scholiis.
885 4350 1027 4401 Homericis
1045 4367 1071 4415 p.
1092 4363 1152 4416 445.
