3438 5028
606 794 751 875 vnn
783 765 1083 876 Aucrours

299 1021 403 1084 Natus
426 1043 497 1085 sum
521 1024 629 1104 Justus
652 1025 793 1088 Adollus
826 1027 939 1088 Ericus
970 1025 1072 1088 Bethe
1108 1026 1237 1090 Stettini
1268 1049 1296 1090 a.
1324 1027 1404 1106 1863
1428 1027 1480 1089 die

215 1129 356 1190 secundo
380 1128 446 1191 Mai
469 1149 510 1192 m.
535 1138 627 1211 patre
650 1131 803 1193 Eduardo
826 1133 909 1194 med.
934 1132 981 1194 dr.
1004 1152 1022 1192 a
1045 1132 1189 1194 sanitatis
1212 1133 1351 1195 consiliis
1374 1133 1477 1214 regiis,

215 1241 318 1294 matre
341 1233 443 1295 Maria
465 1255 483 1295 e
506 1244 604 1315 gente
628 1234 831 1312 Gerst'acker,
856 1257 938 1317 quos
957 1236 1062 1299 adhuc
1086 1236 1118 1297 in
1141 1237 1223 1298 vivis
1246 1258 1318 1301 esse
1340 1239 1478 1320 gaudeo.

215 1338 305 1400 Fidei
328 1339 508 1420 adscriptus
530 1361 602 1402 sum
624 1343 839 1421 evangelicae.

300 1444 502 1508 Rudimentis
521 1446 699 1509 litterarum
723 1448 863 1510 imbutus
886 1448 959 1509 inde
980 1447 1025 1509 ab
1041 1456 1216 1509 auctumno
1237 1469 1264 1514 a.
1286 1449 1361 1528 1871
1389 1467 1479 1528 gym-

216 1549 339 1610 nasium
363 1550 556 1631 municipale
579 1553 701 1633 patriae
724 1553 810 1615 urbis
842 1552 1060 1633 frequentavi,
1093 1555 1181 1634 quod
1212 1563 1281 1615 tum
1304 1554 1478 1615 Francisco

215 1653 305 1714 Kern
336 1663 460 1718 rectore
492 1655 638 1720 florebat.
684 1658 861 1738 Postquam
891 1677 966 1720 vere
996 1678 1024 1719 a.
1053 1658 1132 1717 1882
1163 1656 1311 1737 Hugonis
1334 1658 1479 1720 Lemcke
1529 1724 1532 1730 ,

215 1761 362 1841 auspiciis
383 1763 576 1824 maturitatis
595 1783 734 1826 examen
756 1765 898 1836 sustinui,
923 1771 958 1824 ut
981 1761 1185 1843 philologieis
1207 1763 1319 1826 studiis
1343 1782 1477 1845 operam

214 1865 342 1939 darem,
373 1866 520 1928 Bonnam
550 1868 694 1950 migravi.
747 1869 833 1930 Tum
864 1888 891 1929 a.
929 1868 1094 1944 1882-83
1127 1865 1293 1948 Gryphiae
1323 1868 1478 1949 stipendia

216 1968 325 2031 merui.
363 1968 411 2032 Ut
434 1949 570 2053 denique
586 1975 697 2036 studiis
713 1972 895 2053 diligentius
910 1973 1137 2047 incumberem‚
1163 1971 1353 2054 Gottingam
1374 1993 1477 2054 aequa

215 2074 360 2136 Minerva
375 2074 511 2139 Octobri
534 2098 576 2140 m.
601 2099 628 2140 a.
657 2079 735 2157 1883
760 2097 812 2138 me
835 2077 963 2139 contuli.

297 2180 358 2241 Per
377 2182 484 2242 decies
499 2202 559 2244 sex
574 2203 702 2245 menses
716 2184 895 2244 docuerunt
910 2203 962 2244 me
978 2183 1034 2244 viri
1050 2183 1267 2246 illustrissimi:
1291 2181 1477 2256 Buecheler,

215 2283 353 2360 Kekule,
377 2286 483 2361 Klein,
508 2285 669 2359 Schaeler,
686 2287 820 2361 Usener,
844 2288 1048 2364 Bonnenses;
1072 2289 1245 2369 Kiessling,
1269 2289 1310 2350 de
1325 2287 1478 2348 Wilamo·

215 2390 513 2452 witz-Mollendorfs
551 2391 889 2474 Gryphiswaldenses3
932 2395 1116 2468 Baumann,
1150 2393 1301 2474 Dilthey,
1335 2390 1476 2472 Sauppe,

213 2495 459 2577 Volquardsen,
491 2497 666 2572 Wieseler,
699 2499 739 2560 de
763 2498 1217 2561 Wilamowitz·lllollendorfs
1236 2497 1475 2578 Gottingenses.

214 2599 261 2662 Ut
292 2601 323 2662 in
356 2602 560 2664 seminarium
594 2603 831 2685 philologicum
857 2603 1015 2683 reciperer
1045 2605 1177 2686 eiusque
1209 2624 1315 2666 essem
1338 2623 1396 2683 per
1419 2601 1477 2663 tria

215 2707 382 2769 semestria
404 2708 523 2770 sodalis
545 2711 733 2784 ordinarius
758 2728 815 2789 per
838 2728 936 2768 unum
959 2709 1073 2784 senior,
1097 2708 1273 2770 Hermanni
1292 2706 1424 2787 Sauppe
1445 2714 1478 2767 et

214 2811 356 2874 Udalrici
377 2814 420 2896 ¹de
441 2813 658 2876 Wilamowitz
689 2814 809 2876 eximia
839 2834 916 2895 erga
945 2833 997 2876 me
1026 2813 1252 2877 benevolentia
1275 2811 1395 2873 sactum
1418 2819 1476 2871 est.

214 2918 506 2981 Exercitationibus
529 2909 688 2981 historicis
718 2928 752 2981 et
782 2918 985 3000 philologieis
1013 2939 1065 2981 me
1088 2919 1286 2981 admiserunt
1308 2916 1477 2997 Augustus

215 3022 443 3104 Volquardsen
466 3032 499 3085 et
521 3021 695 3086 Udalricus
717 3025 758 3086 de
782 3024 1008 3089 Wilamowitz.

300 3127 425 3207 Quibus
439 3128 512 3190 viris
536 3128 683 3191 omnibus
707 3129 806 3191 iustas
830 3150 868 3190 ac
888 3130 1013 3192 debitas
1037 3128 1140 3192 resero
1164 3128 1294 3208 gratias
1319 3125 1475 3208 imprimis

213 3254 291 3295 vero
321 3233 509 3302 Hermanno
539 3232 670 3315 Sauppe
700 3241 732 3296 et
762 3231 917 3297 Udalrico
947 3161 1473 3304 deivilamowitz-Mullendorff,

174 3421 177 3428 1
213 3339 286 3400 viris
301 3339 494 3402 doctissimis
516 3338 827 3419 humanissimisque,
852 3340 941 3420 pium
962 3348 1156 3421 gratumque
1179 3340 1322 3406 animum
1345 3356 1475 3416 semper

213 3445 365 3520 servabo,
401 3444 455 3525 qui
484 3464 610 3507 summa
640 3443 828 3506 liberalitate
857 3455 890 3508 et
912 3444 1051 3524 benigna
1082 3443 1253 3507 elementia
1274 3441 1380 3504 studia
1403 3461 1476 3502 mea

105 3601 112 3608 β
142 3525 424 3624 ””ἶιάἰυνεὶ)ειῐιῒ,
462 3559 596 3631 peccata
634 3550 861 3630 ignoscebant,
902 3550 1078 3613 litterarum
1115 3568 1260 3611 amorem
1299 3545 1475 3607 incitabant

214 3655 391 3735 seduloque
415 3655 573 3718 colebant.
