3438 5028
807 339 1022 401 ..68-

280 511 380 593 Quod
416 532 434 575 e
471 509 576 584 fonte,
619 530 716 591 quem
749 510 824 572 dicit
857 508 1118 590 genealogicum,
1159 528 1305 572 manasse
1336 509 1562 591 probabiliter
1663 510 1665 553 ἵ

280 619 393 681 statuit
416 615 497 678 Orto
519 615 655 679 Sieroka
676 615 757 678 sicut
780 636 806 677 c.
830 615 974 695 68-75,
1008 633 1091 695 quae
1120 633 1180 676 nos
1202 635 1265 676 una
1288 635 1362 677 curn
1385 615 1559 696 capitibus

282 722 408 804 57-66
429 722 471 785 ab
494 720 701 802 Apollodoro
722 721 856 802 aliisque
878 718 1128 800 mythographis
1149 739 1253 800 prope
1275 719 1389 782 abesse
1413 721 1559 783 demon·

281 829 463 892 stravimus.
508 827 648 888 Accedit
678 827 765 908 quod
793 824 857 887 hoc
885 833 984 907 caput
1006 825 1047 905 67
1082 844 1187 904 neque
1209 825 1369 908 Dionysio
1393 825 1562 889 attribuet

282 934 477 1015 quicumque
500 951 559 993 nos
582 932 760 993 admodum
782 939 869 993 recte
885 930 925 992 de
947 950 987 992 eo
1010 929 1189 1010 disputasse
1211 931 1415 1006 concesserit,
1440 952 1561 1013 neque

282 1059 301 1100 e
317 1037 455 1102 Timaeo
471 1036 602 1099 fluxisse
621 1037 780 1117 quispiam
800 1036 935 1117 putabit,
960 1054 1035 1097 curn
1050 1035 1069 1098 l.
1087 1035 1129 1097 V.
1146 1056 1172 1097 c.
1190 1050 1209 1115 7
1227 1038 1246 1115 ξ
1262 1037 1292 1110 6,
1317 1037 1405 1119 quod
1420 1036 1559 1098 Timaei

282 1163 353 1205 esse
369 1141 505 1205 Carolus
517 1141 757 1222 Mullenhoffffl)
772 1142 875 1214 evicit,
892 1139 1019 1202 Aeolus
1035 1139 1200 1220 Hippotae
1216 1140 1299 1204 filius
1314 1142 1442 1218 insulas,
1463 1166 1558 1228 quae

281 1247 438 1310 Aeolides
453 1255 619 1324 vocantur,
643 1247 782 1332 tenuisse
797 1247 929 1321 dicatur,
950 1244 1002 1307 hic
1016 1252 1125 1306 autem
1142 1245 1192 1326 (67
1210 1247 1229 1324 ξ
1249 1245 1276 1326 5)
1293 1246 1419 1312 Aeolus
1434 1249 1558 1314 Arnae
1666 1299 1667 1348 ρ

283 1359 317 1412 et
340 1350 483 1430 Neptuni
509 1351 601 1416 filius
646 1352 720 1414 Hoc
742 1351 878 1413 Diodori
900 1349 1112 1412 Aeolidarum
1135 1358 1274 1413 stemma
1295 1352 1326 1413 in
1348 1352 1557 1418 bibliotheca

284 1455 415 1534 quidem
438 1475 502 1518 non
526 1457 659 1537 legitur,
691 1456 892 1523 inveniuntur¹
920 1464 1029 1516 autem
1057 1455 1096 1515 in
1118 1455 1436 1536 mythographorum
1466 1459 1556 1541 frag-

283 1559 400 1622 mentis
423 1568 456 1621 et
479 1561 583 1623 eidem
605 1571 671 1624 tres
686 1560 784 1624 Aeoli
807 1570 840 1624 et
859 1560 975 1623 Boeoti
994 1561 1092 1640 stirps
1115 1561 1231 1621 eodem
1256 1562 1355 1625 modo
1372 1566 1553 1647 explicata.

284 1662 450 1727 Scholium
479 1665 567 1734 enim,
593 1689 620 1728 κ.
645 1682 664 1727 2
694 1665 827 1728 exhibet
855 1665 934 1727 hoc:
977 1664 1082 1735 »ἄλλος
1110 1663 1144 1724 δέ
1175 1663 1256 1725 ἔστιν
1290 1667 1343 1749 (sc.
1374 1665 1505 1751 Αἴολος)
1538 1663 1556 1730 ὅ

282 1765 424 1830 Ἱππότου
446 1778 526 1842 παῖς.
959 1831 964 1846 ,

336 1885 402 1942 <tul
414 1883 545 1954 Ἱππότης
565 1887 626 1947 υἱὸς
637 1892 803 1956 Μίμαντος·
824 1893 901 1966 τρεῖς
981 1887 1088 1938 Diodor.
1112 1890 1144 1951 67
1170 1886 1237 1954 §4:
1267 1894 1422 1960 Μίμαντος
1442 1893 1473 1946 δὲ
1493 1891 1553 1946 Ἱπ-

284 1975 340 2049 γὰρ
356 1974 478 2036 Αλόλους
496 1979 568 2048 φασὶ
586 1977 766 2045 γεγενῆσθαι,
930 1971 1016 2039 πόσης
1034 1969 1193 2047 γενόμενος.

282 2077 395 2150 πρῶτον
415 2075 466 2130 τὸν
483 2081 533 2133 τοῦ
547 2077 683 2145 Ἕλληνος,
983 2076 1000 2144 ξ
1019 2093 1034 2142 3
1055 2073 1221 2130 ...Αἰόλου
1241 2081 1294 2130 τοῦ
1307 2077 1437 2146 Ἕλληνος

282 2175 414 2250 δεύτερον
441 2179 490 2233 τὸν
516 2183 545 2241 ἐξ
564 2175 699 2259 Ἱππότου
726 2183 772 2232 καλ
796 2182 895 2233 Μελα-
983 2178 1031 2246 §4
1050 2176 1293 2246 ...Ἱππότης..,
1310 2183 1339 2234 ἐκ
1353 2188 1551 2254 Μελανίππης

282 2273 398 2333 νίππης,
929 2267 1076 2322 ἐτέκνωσεν
1096 2270 1213 2324 Αἴολον.

282 2376 378 2444 τρίτον
404 2371 455 2425 τὸν
476 2369 506 2423 ἐκ
528 2369 706 2430 Ποσειδῶνος
728 2372 774 2424 καλ
791 2366 896 2444 Ἄρνης.
983 2367 1083 2424 τούτου
1108 2368 1234 2444 δὲ’Ἀρνη
1254 2378 1392 2446 γενομένη
1415 2376 1548 2453 θυγάτηρ

931 2459 1089 2512 Ποσειδῶνι
1106 2467 1219 2531 μιγεῖσα
1239 2459 1339 2531 ἔγκυος
1355 2467 1468 2535 ἐγένετο
1487 2512 1495 2526 .
1514 2514 1520 2524 .
1540 2510 1546 2522 .

931 2546 1076 2617 ἐγέννησεν
1093 2550 1201 2602 Αἴολον
1221 2553 1267 2602 καὶ
1285 2552 1416 2610 Βοιωτόν
1435 2595 1442 2610 .
1462 2599 1467 2610 .
1489 2598 1495 2610 .

370 2669 551 2733 Scholiasta
578 2679 686 2733 autem
709 2669 751 2732 ad
771 2670 807 2732 B.
830 2686 894 2749 494
915 2670 972 2732 BL
1002 2671 1118 2733 Boeoti
1146 2692 1247 2752 genus
1274 2676 1356 2740 sicut
1379 2679 1546 2745 Diodorus

283 2775 435 2840 describit
456 2776 520 2838 hoc
542 2775 659 2837 modo:

488 2895 610 2946 50110ηῆ
629 2907 690 2957 494,
1151 2898 1259 2949 Diodor.
1278 2900 1319 2963 67.

330 2977 429 3054 ’Ἄρνης
451 2985 499 3048 τῆς
518 2976 626 3035 Αλὸλου
651 2984 697 3034 καὶ
715 2981 895 3042 Ποσειδῶνος
980 2984 1038 3034 vide
1057 2981 1075 3050 ξ
1092 2999 1121 3046 4;
1143 2983 1161 3051 ᾗ
1180 2987 1208 3036 6:
1231 2992 1370 3060 παρέλαβε
1383 2994 1543 3056 τῆςΑῑολί-

282 3065 417 3136 Βοιωτός,
434 3066 490 3138 ἀφ’
511 3061 545 3122 οὗ
562 3067 579 3135 ἡ
594 3075 727 3135 Βοιωτία,
930 3072 979 3131 doc
998 3069 1048 3136 τὴν
1064 3074 1221 3138 βασιλείαν·
1241 3079 1287 3126 καὶ
1306 3075 1356 3142 τὴν
1373 3081 1429 3152 μὲν
1442 3078 1542 3154 χώραν

929 3155 987 3211 ἀπὸ
1008 3161 1056 3226 τῆς
1072 3159 1178 3232 μητρὸς
1192 3157 1308 3235 Ἄρνην,
1324 3168 1390 3226 τοὺς
1407 3169 1438 3222 δὲ
1458 3173 1542 3228 λαοὺς

929 3242 983 3318 ἀφ’
1004 3248 1105 3300 ἑαυτοῦ
1123 3253 1266 3314 Βοιωτοὺς
1286 3250 1442 3324 ὠνόμασεν.

280 3359 316 3420 οὗ
333 3362 470 3434 Ἐτεωνός,
980 3367 997 3435 ξ
1018 3382 1041 3432 7.
1069 3376 1197 3427 Βοιωτοῦ
1215 3374 1246 3426 δὲ
1260 3374 1372 3438 ’Ἱτωνος
1389 3379 1543 3453 γενόμενος
1573 3359 1577 3365 ¹

929 3456 1076 3514 ἐτέκνωσεν
1096 3461 1174 3522 υἱοὺς
1191 3467 1329 3536 τέτταρας,

280 3569 315 3630 οὗ
329 3573 501 3646 Ἀρηίλυκος,
517 3576 694 3650 Ἀλεκτρύων,
706 3575 890 3649 Ἱππαλκμος,
925 3576 1111 3649 Ἱππάλκιμον
1138 3588 1186 3637 καὶ
1212 3582 1410 3662 Ἠλεκτρύονα,
1441 3593 1482 3646 ἔτι
1510 3591 1540 3645 di

278 3660 438 3740 Ἀλεγήνωρ.
927 3663 1087 3740 Ἀρχίλυκον
1104 3675 1150 3724 καὶ
1166 3669 1342 3748 Ἀλεγήνορα,

334 3828 340 3841 .
361 3828 367 3841 .
386 3786 583 3860 ,Ἱππάλκμου
602 3793 753 3858 Πηνέλεως,
927 3791 1033 3846 τούτων
1061 3791 1091 3847 δ’
1117 3791 1303 3868 Ἱππάλκιμος
1328 3799 1381 3870 μὲν
1410 3801 1539 3870 ἐγέννησε

926 3882 1080 3947 Πηνέλεων,

331 4043 337 4054 .
358 4040 363 4052 .
385 3997 600 4072 .Ἀλεκτρύονος
616 3996 731 4068 Λήιτος,
925 3980 1097 4072 Ἠλεκτριλων
1116 4007 1148 4060 δὲ
1165 4003 1284 4074 Λήιτον,

278 4165 487 4174 ——-——

284 4260 287 4268 ¹
363 4289 399 4358 ⁸¹)
422 4293 550 4342 Deutsche
568 4292 797 4342 Altertumskunde
815 4292 836 4341 I·
856 4307 883 4356 P·
900 4306 951 4356 449
970 4310 1007 4359 sq·
