3480 5030
763 425 974 487 -4,..

239 576 376 639 Timaeo
409 578 625 660 descripsisse.
683 576 835 642 Ceterum
869 600 897 649 c,
928 581 964 642 81
1002 581 1023 660 ξ
1057 594 1072 660 5
1107 589 1140 644 et
1172 601 1198 644 c.
1227 583 1267 644 82
1301 584 1362 662 §3
1396 583 1500 664 ipsum
1600 608 1603 612 ·

239 682 423 745 Diodorum
445 683 605 746 addidisse
628 682 742 749 elucet.
1290 664 1293 670 Ι

330 787 455 850 Ultimo
486 787 555 851 libri
577 787 625 850 IV
658 791 763 872 capite
793 791 834 853 de
858 787 979 854 Orione
1009 787 1106 852 refert
1135 791 1272 873 scriptor
1294 789 1437 856 Siculum
1467 803 1502 856 ut

239 895 368 958 videtur
400 901 566 957 auctorem
601 905 738 958 secutus.
788 895 904 977 Neque
939 896 1006 958 veri
1038 903 1089 958 est
1116 896 1277 972 dissimile,
1309 897 1407 961 etiam
1440 899 1504 962 hoc

239 1009 339 1082 caput
361 999 402 1061 ad
419 997 590 1062 Timaeum
617 1003 787 1082 pertinere.
832 1001 917 1063 Nam
931 1001 1113 1064 Diodorum
1135 1011 1177 1077 et,
1201 1022 1285 1084 quae
1301 1003 1501 1077 antecedunt,

243 1104 368 1168 fabulas
397 1104 437 1166 de
465 1104 572 1186 Eryce
608 1115 641 1170 et
670 1104 844 1188 Daphnide
874 1125 917 1168 ex
944 1105 1026 1168 illius
1054 1105 1212 1170 thesauris
1242 1107 1301 1170 sibi
1329 1108 1503 1189 sumpsisse

241 1210 470 1284 intelleximus,
496 1219 539 1285 et,
565 1230 649 1291 quae
672 1210 742 1273 libri
764 1210 798 1273 V
820 1210 909 1273 initio
931 1212 1083 1294 sequitur,
1106 1193 1232 1274 Siciliae
1256 1213 1502 1295 descriptionem

244 1337 288 1379 ex
324 1315 469 1378 eiusdem
507 1315 649 1378 historici
688 1336 787 1398 opere
823 1324 1012 1397 excerptam
1046 1336 1117 1380 esse
1150 1314 1285 1379 Carolus
1313 1316 1508 1381 Miillenhofs

245 1421 425 1484 luculenter
445 1420 689 1484 demonstravit.
734 1421 847 1502 Itaque
877 1421 897 1483 l.
920 1421 969 1484 IV
994 1431 1093 1502 caput
1115 1422 1172 1500 85,
1202 1421 1290 1502 quod
1317 1422 1427 1485 itidem
1449 1423 1502 1485 im·

239 1527 355 1610 primis
378 1526 419 1588 de
442 1524 537 1586 rebus
561 1521 678 1588 Siculis
701 1527 783 1608 agit,
814 1524 920 1589 solum
942 1546 986 1589 ex
1006 1526 1070 1589 alio
1093 1523 1181 1588 fonte
1204 1536 1301 1606 atque
1323 1547 1342 1589 e
1366 1528 1500 1592 Timaeo

240 1649 392 1693 manasse
415 1650 480 1691 non
503 1638 553 1693 est
575 1632 641 1693 veri
663 1632 775 1695 simile.
820 1630 885 1695 Sed
906 1631 1014 1706 verba,
1038 1651 1121 1712 quae
1144 1634 1164 1711 ξ
1188 1647 1206 1692 2
1230 1631 1317 1694 initio
1339 1633 1495 1713 leguntur,

241 1736 423 1799 Diodorum
445 1734 574 1797 iamiam
607 1737 761 1800 nonnulla
790 1735 923 1800 lrustula
945 1737 1072 1800 aliunde
1099 1736 1202 1819 petita
1231 1736 1496 1818 interpolaturum

240 1861 321 1914 esse,
345 1839 561 1921 suspicionem
583 1851 715 1906 movent
737 1842 860 1906 collatis
882 1843 940 1905 IV.
968 1844 1005 1905 18
1024 1845 1050 1922 fi
1064 1860 1095 1920 4,
1116 1842 1158 1920 46
1176 1843 1197 1922 ξ
1214 1856 1228 1922 5
1247 1863 1273 1904 s.
1289 1841 1309 1904 s.
1345 1841 1496 1906 Ceterum

241 1945 330 2025 quod
364 1947 428 2024 §4
459 1943 601 2021 refertur,
638 1946 754 2025 legitur
785 1949 882 2013 etiam
916 1948 1003 2030 apud
1037 1946 1231 2010 Strabonem
1263 1968 1294 2030 p.
1330 1949 1407 2028 258:
1447 1959 1495 2013 est

240 2048 398 2129 Aeschyli
426 2053 592 2118 sententia.
636 2053 860 2135 Paragraphos
889 2061 997 2116 autem
1027 2053 1048 2114 6
1080 2062 1114 2116 et
1143 2053 1364 2133 7Diodorum
1394 2075 1412 2117 e
1438 2075 1496 2117 sua

240 2156 386 2219 doctrina
414 2156 568 2220 adiecisse
592 2167 690 2240 puto,
722 2178 795 2222 cum
824 2178 928 2239 neque
958 2159 999 2220 ad
1028 2178 1079 2221 res
1102 2157 1224 2221 Siculas
1252 2159 1433 2241 pertineant
1463 2169 1496 2222 et

241 2262 378 2343 scriptor
407 2261 542 2323 Homeri
575 2282 687 2325 versus
719 2261 833 2325 afferre
866 2271 899 2324 et
930 2263 982 2327 vel
1015 2264 1176 2345 excerptis
1204 2264 1342 2327 inserere
1372 2263 1492 2327 soleat:

242 2365 1495 2451 cf.IlI.56;IV.2§4=1.15§78=III.66§3;IV.49§7

241 2473 439 2551 =ss§a

326 2577 502 2656 Postquam
533 2576 574 2638 de
603 2573 756 2654 Timaeo,
787 2578 876 2658 quod
905 2577 1107 2658 propositum
1137 2586 1223 2652 erat,
1253 2578 1493 2660 explicavimus,

241 2683 305 2746 iam
327 2702 432 2764 pauca
454 2681 628 2745 addiderim
651 2683 692 2746 de
714 2683 852 2747 Matride
875 2681 1020 2756 rhetore,
1051 2681 1139 2744 cuius
1167 2682 1302 2764 vestigia
1332 2693 1406 2747 ante
1435 2686 1495 2747 hos

241 2809 300 2852 sex
322 2807 424 2851 annos
446 2787 478 2849 in
499 2785 635 2850 Diodori
657 2788 727 2851 libri
749 2788 798 2851 IV
821 2787 979 2868 capitibus
1000 2788 1019 2849 8
1038 2805 1110 2867 sqq.
1133 2789 1292 2867 sagaciter
1312 2789 1441 2851 detecta
1463 2799 1496 2854 et

240 2893 409 2975 diligenter
423 2900 497 2954 sunt
512 2892 740 2955 demonstrata.
785 2892 907 2956 Holzer
930 2892 1014 2956 enim
1035 2892 1121 2954 nisus
1135 2891 1295 2956 Athenaei
1311 2895 1494 2958 testimonio

243 3000 295 3081 (X.
318 3019 350 3080 p.
374 3013 437 3074 412
460 2997 516 3078 B),
547 3017 612 3078 quo
635 3006 763 3059 constat
785 2997 957 3060 Matridem
982 2998 1155 3077 quemdam
1178 3016 1328 3062 exarasse
1351 2997 1496 3081 ἐγκώμιον

242 3100 441 3186 Ἡρακλέους,
470 3111 503 3164 et
524 3102 659 3164 Diodori
682 3100 756 3164 loco
778 3101 810 3184 (Ι,
835 3119 885 3180 24.
907 3103 957 3185 4),
985 3102 1039 3164 ubi
1061 3101 1152 3174 dicit,
1175 3101 1346 3168 Matridem
1368 3105 1494 3168 tradere

243 3207 373 3270 Herculi
387 3208 492 3288 primo
508 3198 647 3268 Ἀλκαῖον
663 3205 758 3271 luisse
774 3227 901 3282 nomen,
923 3204 1074 3289 Ἡρακλέα
1089 3214 1196 3268 autem
1213 3226 1283 3268 esse
1299 3207 1495 3288 adpellatum

247 3309 310 3370 »ὅτι
332 3305 380 3370 δι’
398 3301 506 3392 Ἧραα
523 3307 589 3391 ἴσχε
613 3311 725 3388 ulfac«,
749 3331 832 3391 quae
854 3312 953 3375 verba
974 3313 1109 3375 redeunt
1129 3312 1161 3374 in
1183 3309 1203 3377 l.
1225 3311 1283 3374 IV.
1307 3331 1333 3373 c.
1360 3328 1399 3375 10
1421 3317 1444 3392 ᾖ·
1468 3331 1493 3390 1,

242 3424 274 3478 et
297 3414 532 3492 observatione,
555 3416 625 3479 libri
644 3417 692 3479 IV
715 3418 821 3498 capita
841 3418 947 3499 8sqq.
970 3437 1152 3479 sermonem
1174 3417 1343 3479 ostendere
1365 3418 1494 3480 rhetori-

241 3541 316 3584 curn
346 3530 380 3585 et
399 3521 568 3601 exquisitis
596 3520 761 3584 antithesis
791 3521 1013 3597 artificiosum,
1044 3523 1097 3602 qui
1127 3520 1299 3585 abhorreat
1327 3519 1368 3585 ab
1397 3523 1495 3604 ipsius

240 3624 376 3689 Diodori
398 3627 628 3690 consuetudine
650 3626 791 3702 dicendi,
823 3626 1019 3709 praetendit,
1048 3627 1263 3689 narrationem
1284 3628 1326 3689 de
1348 3627 1495 3691 Herculis

241 3730 404 3795 laboribus
435 3731 541 3814 (1—9)
572 3740 605 3794 et
634 3732 804 3813 apotheosi
832 3732 1013 3794 Diodorum
1042 3731 1246 3813 descripsisse
1276 3751 1319 3792 ex
1347 3734 1494 3796 encomio

241 3839 385 3902 Matridis
408 3837 559 3911 rhetoris,
590 3837 688 3900 etita
710 3835 879 3900 confirmat
901 3837 1107 3912 sententiam,
1137 3845 1173 3899 ut
1194 3837 1344 3917 equidem
1369 3845 1495 3900 contra·

241 3945 346 4006 dicere
369 3943 518 4005 nesciam.

328 4046 392 4109 Sed
415 4067 480 4128 quo
503 4056 650 4128 tempore
674 4047 791 4109 vixerit
812 4046 941 4120 Matris,
973 4066 1036 4107 non
1063 4046 1151 4107 eruit.
1196 4045 1365 4109 Traditum
1387 4055 1495 4108 autem

243 4161 307 4227 est,
341 4172 415 4213 eum
448 4170 559 4216 revera
591 4150 686 4214 luisse
721 4153 802 4214 inter
835 4151 979 4214 rhetores
1010 4150 1150 4212 Asianos
1160 4149 1211 4231 ⁶⁸).
1265 4151 1349 4212 Nam
1383 4161 1496 4215 auctor

327 4318 363 4386 ⁶³)
394 4323 434 4371 De
460 4321 569 4371 Matride
598 4322 667 4370 locos
697 4321 806 4385 benigne
837 4321 901 4370 mihi
927 4326 1075 4385 praeceptor
1101 4320 1151 4370 Ud.
1184 4321 1217 4370 de
1243 4321 1411 4372 Wilamowitz
1438 4339 1497 4388 sup·

242 4410 371 4478 peditavit.
