3438 5028
657 364 870 442 -55-

230 531 338 614 Capite
361 532 402 594 62
419 532 583 595 Diodorus
602 532 774 614 Hippolyti
796 542 829 595 et
842 533 961 594 Thesei
984 542 1105 596 mortes
1129 542 1244 595 narrat.
1282 531 1392 612 Atque

157 659 219 700 curn
249 640 288 701 de
321 636 494 720 Hippolyti
528 635 653 710 fabula,
688 657 786 718 quarn
819 640 901 701 miro
932 639 1032 701 modo
1066 639 1183 720 partim
1217 637 1393 702 secundum

157 743 299 825 Euripidis
329 742 548 824 Hippolytum
578 740 818 822 Coroniferum,
856 746 972 826 partim
1006 764 1137 825 prorsus
1169 743 1260 805 aliter
1288 741 1394 819 refert,

157 847 223 910 infra
249 849 340 911 nobis
372 849 412 910 sit
445 847 624 928 agendum,
658 849 721 911 hoc
755 849 828 912 loco
862 851 962 912 modo
985 850 1180 922 monuerim,
1214 848 1394 910 Diodorum

157 952 281 1016 fabulam
303 953 344 1016 de
365 951 537 1033 Hippolyti
560 961 674 1028 morte,
697 974 771 1016 curn
794 976 859 1018 non
880 937 1034 1029 crederet,
1058 954 1246 1035 aNeptuno
1268 963 1395 1015 taurum

157 1079 171 1120 e
190 1059 261 1120 mari
281 1059 477 1139 promissum
500 1077 588 1138 esse,
618 1058 660 1120 ad
682 1061 862 1122 communis
885 1061 970 1122 vitae
992 1059 1148 1121 rationem
1171 1079 1231 1120 suo
1253 1056 1395 1139 periculo

157 1165 302 1246 redegisse
324 1163 432 1225 videri.
475 1162 562 1224 Tum
584 1172 693 1225 autem
716 1165 858 1238 adnotat,
883 1165 1047 1228 Theseum
1070 1163 1226 1227 seditione
1247 1162 1331 1225 facta
1353 1183 1396 1223 ex

158 1269 253 1331 Attica
274 1269 411 1331 eiectum
433 1268 519 1329 diem
541 1287 728 1348 supremum
748 1270 896 1332 exsulem
912 1271 1038 1343 obiisse,
1062 1270 1144 1332 sicut
1162 1267 1394 1349 Apollodorus,

158 1372 281 1436 Ricardo
297 1373 444 1454 Wagner
466 1382 549 1435 teste
564 1371 728 1435 Theseum
749 1374 972 1455 aLycomeda
995 1382 1144 1436 necatum
1168 1393 1238 1435 esse
1261 1372 1395 1453 scripsit.

158 1478 233 1540 Idem
262 1479 359 1541 etiam
381 1477 570 1539 Plutarchus
599 1479 630 1539 in
654 1477 770 1541 Thesei
800 1480 884 1542 vitae
914 1500 940 1546 c.
963 1494 1001 1558 35
1033 1477 1156 1560 profert
1183 1486 1280 1557 atque
1310 1477 1397 1538 idem

160 1584 233 1663 quod
249 1583 414 1646 Diodorus
436 1582 533 1653 addit,
557 1580 664 1644 herois
687 1603 761 1646 ossa
776 1585 923 1648 Athenas
947 1593 1125 1664 reportatas
1147 1603 1217 1645 esse
1238 1591 1271 1645 et
1291 1584 1397 1664 ipsum

161 1688 257 1750 divinis
278 1687 455 1750 honoribus
478 1695 511 1748 et
532 1686 656 1768 templo
679 1707 749 1750 esse
773 1690 902 1753 cultum.

233 1792 299 1854 Vix
319 1791 437 1854 Thesei
467 1800 571 1853 morte
602 1804 742 1868 narrata,
774 1804 883 1856 tamen
912 1794 1017 1873 capite
1039 1793 1096 1870 63,
1128 1792 1216 1872 quod
1245 1792 1395 1872 sequitur,

164 1896 313 1960 historicus
349 1916 447 1958 unum
485 1916 528 1958 ex
561 1895 628 1959 eius
661 1897 853 1962 facinoribus
886 1899 990 1961 addit:
1029 1897 1172 1958 Helenae
1206 1906 1333 1978 raptum
1366 1905 1399 1958 et

168 2000 336 2064 descensum
373 2001 415 2062 ad
450 1998 578 2066 inferos.
636 2001 730 2064 Unde
768 2013 848 2085 puto
883 2002 1109 2083 conligendum
1142 2021 1227 2076 esse,
1264 2000 1399 2064 Diodori

167 2116 311 2169 auctorem
334 2104 611 2185 mythographum
633 2106 693 2169 has
716 2106 840 2170 fabulas
864 2107 980 2170 nonin
1002 2107 1120 2169 Thesei
1143 2106 1208 2168 vita
1231 2107 1398 2169 rettulisse.

166 2209 205 2272 Ac
224 2211 328 2272 nescio
351 2229 392 2271 an
415 2229 478 2271 non
501 2230 577 2272 casu
600 2209 720 2273 factum
743 2212 799 2286 sit,
830 2221 866 2274 ut
894 2212 1004 2274 itidem
1026 2232 1131 2293 neque
1153 2212 1184 2272 in
1206 2211 1400 2273 bibliotheca

166 2334 253 2394 neque
271 2316 358 2397 apud
373 2313 541 2396 Hyginum
564 2335 619 2376 eas
642 2316 722 2378 inter
744 2315 826 2378 illius
848 2316 953 2378 herois
975 2316 1115 2379 facinora
1131 2326 1398 2390 enumerarentur,

166 2421 213 2480 sed
231 2421 260 2483 in
281 2440 399 2502 genere
414 2419 673 2499 Tyndaridarum
696 2421 894 2484 inlustrando
916 2423 1172 2487 commemorari.
1215 2421 1269 2482 Ex
1285 2423 1401 2482 eodem
1519 2467 1522 2478 .

166 2534 258 2588 autem
279 2525 376 2600 fonte,
400 2524 486 2586 unde
501 2524 620 2587 Thesei
642 2523 775 2600 fabulas,
800 2527 981 2588 Diodorum
1002 2527 1097 2589 hasce
1115 2527 1244 2608 petiisse
1267 2527 1403 2606 adparet

168 2630 208 2690 vel
229 2632 326 2694 obiter
349 2638 539 2710 comparato
562 2631 668 2711 capite
690 2631 729 2710 63
754 2652 828 2693 cum
851 2631 1057 2712 Apollodoro
1083 2633 1124 2712 (p.
1146 2646 1203 2711 107
1226 2631 1403 2708 l.19-24)

170 2743 194 2796 et
216 2735 329 2818 Hygini
359 2734 467 2797 fabula
489 2751 539 2815 79.
583 2735 737 2811 Accedit,
773 2738 860 2818 quod
889 2735 1077 2799 Plutarchus
1110 2739 1141 2799 in
1171 2737 1254 2800 vitae
1284 2733 1403 2796 Thesei

170 2859 191 2904 c.
211 2858 240 2920 31
264 2842 343 2904 sicut
365 2841 529 2902 Diodorus
552 2838 663 2915 refert,
694 2840 852 2904 Helenam
875 2841 1005 2904 Theseo
1027 2861 1098 2904 esse
1121 2842 1298 2911 addictam,
1328 2859 1403 2900 cum
1476 2831 1486 2837 ’

171 2963 216 3022 per
243 2962 431 3010 tesserarum
460 2947 561 3008 iactus
591 2966 663 3008 curn
685 2945 826 3009 Pirithoo
859 2948 899 3009 de
930 2947 1049 3027 praeda
1078 2954 1302 3008 concertasset.
1347 2943 1404 3036 Ab

170 3047 289 3115 Hercule
312 3071 411 3115 unum
426 3050 591 3113 Theseum
608 3049 649 3112 ab
663 3049 769 3113 inferis
785 3053 952 3115 reductum
967 3071 1047 3125 esse,
1073 3052 1169 3113 etiam
1182 3049 1405 3130 Apollodorus

172 3173 195 3232 p.
220 3157 257 3217 66
287 3158 307 3226 l,
339 3159 380 3220 28
413 3157 525 3230 tradit,
564 3154 716 3236 Hyginus
752 3166 860 3219 autem
897 3156 1004 3219 fabula
1034 3172 1075 3236 79
1111 3165 1144 3218 et
1172 3153 1334 3217 Theseum
1372 3162 1405 3214 et

174 3255 327 3325 Pirithoum
351 3262 392 3324 ab
415 3261 470 3323 illo
490 3259 590 3322 heroe
613 3259 765 3326 liberatos
787 3281 858 3322 esse
881 3271 996 3336 narrat,
1030 3262 1111 3324 sicut
1132 3259 1295 3322 Diodorus
1316 3278 1344 3322 c.
1358 3259 1405 3320 ‚26

175 3363 230 3439 51.
269 3368 417 3447 Denique
440 3367 538 3428 etiam
560 3366 688 3428 tertiam
710 3364 837 3429 fabulae
860 3366 998 3430 formam
1020 3367 1097 3429 satis
1120 3385 1224 3426 raram
1244 3363 1406 3425 Diodorus

176 3486 195 3527 c.
212 3470 247 3550 63
268 3477 287 3553 ξ
311 3488 325 3553 5
351 3472 457 3546 addit,
482 3491 565 3552 quae
588 3481 735 3534 neutrum
758 3473 888 3534 rediisse
911 3471 1022 3534 refert:
1051 3471 1208 3533 invenitur
1230 3469 1261 3532 in
1283 3467 1407 3548 Vergili

179 3569 316 3642 Aeneidos
339 3579 360 3646 1.
383 3577 441 3644 VI.
464 3577 538 3657 617.

242 3683 394 3748 Venimus
426 3683 466 3746 ad
500 3681 624 3746 fabulas
657 3682 840 3745 Thebanas
896 3682 932 3744 In
965 3682 1001 3744 iis
1035 3680 1208 3744 tractandis
1240 3678 1407 3741 Eduardus

182 3774 316 3852 Schwartz
338 3787 505 3870 cognovit,
532 3807 682 3868 »prorsus
703 3789 834 3850 easdem
854 3786 993 3848 rationes
1016 3784 1195 3847 fabularum
1210 3802 1408 3864 componen-

183 3884 268 3956 darum
294 3895 382 3975 apud
410 3893 589 3955 Diodorum
620 3893 763 3967 inveniri,
794 3902 893 3972 atque
922 3893 953 3954 in
982 3891 1217 3971 compendiis«,
1249 3887 1408 3970 exemplis

185 4006 238 4058 usus
262 3998 374 4062 fabulis
403 3999 444 4060 de
473 3996 644 4079 Oedipode
673 4018 774 4079 puero
805 4007 838 4060 et
867 3998 979 4060 iuvene
1008 4004 1112 4077 atque
1135 3995 1176 4057 de
1205 3994 1408 4076 Amphiarao

180 4093 210 4156 ab
244 4125 341 4167 uxore
385 4107 427 4168 ad
473 4103 594 4167 bellum
639 4114 752 4167 coacto
762 4106 811 4185 ⁷⁹).
874 4102 926 4165 Ac
968 4103 994 4164 si
1037 4111 1140 4164 totam
1180 4099 1409 4164 Thebanorum

181 4235 358 4253 ᾨ-

248 4330 279 4399 rs)
299 4337 331 4386 de
348 4334 450 4386 scholiis
469 4333 613 4384 Homericis
630 4350 656 4397 p.
673 4344 733 4396 453·

218 4423 305 4479 Bothe,
320 4429 474 4480 Quaestiones.
