3480 5030
744 391 955 450 -15--

226 559 400 619 secundum
435 556 601 636 vulgatam
638 555 795 630 fabulam,
843 576 940 637 quam
977 556 1073 618 tradit
1110 554 1333 635 Apollodorus
1370 577 1401 638 p.
1437 573 1475 637 35

227 662 245 723 l.
269 663 310 723 26
333 681 421 741 sqq.,
445 661 633 741 suspendi0,
658 670 692 723 ut
714 662 807 723 decet
827 661 1001 732 mulierem,
1024 662 1122 722 vitam
1142 659 1218 731 finit,
1241 659 1476 740 Scytobrachio

226 775 334 828 autem
356 767 455 839 dicit,
487 787 558 828 eam
592 777 841 848 »καταφυγοῦσαν
865 813 872 828 ,
894 811 928 830 ..
957 764 1003 826 tut
1033 766 1088 844 τὴν
1118 760 1219 826 ἕστιάν
1247 773 1305 850 τοῦΙ
1329 765 1479 844 βασιλέως

226 872 275 931 καὶ
298 869 548 952 καταρασαμένην
569 874 681 931 παθεῖν
703 873 795 932 αὐτὸν
817 873 885 944 ἄξια
901 880 961 931 τιῖιν
976 870 1186 950 ἀσεβημάτων,
1209 870 1286 952 ’ξίφει
1301 871 1480 944 πατάξασαν

186 1004 187 1008 ’
225 971 334 1054 ἑαυτῆς
363 976 399 1036 τὸ
427 980 544 1056 στῆθος
570 977 706 1058 ἡρωικῶς
732 976 941 1059 καταστρέψαι
964 977 1016 1037 τὸν
1037 976 1121 1055 βιόνι
1148 974 1257 1056 (Diod.
1280 975 1337 1037 IV.
1364 990 1413 1055 50.
1437 979 1478 1058 2).

225 1081 382 1144 Fabulam
405 1082 445 1143 de
468 1080 573 1143 Peliae
596 1091 700 1145 morte
723 1103 740 1143 a
763 1083 922 1162 Dionysio
951 1081 1035 1143 belle
1064 1090 1254 1144 exornatam
1284 1101 1355 1143 esse
1381 1082 1478 1145 etiam

226 1187 257 1248 in
278 1186 413 1249 Diodori
437 1195 592 1267 excerpto
618 1185 707 1248 facile
729 1188 836 1250 sentis.
880 1187 933 1249 Ac
956 1187 1044 1261 vide,
1068 1205 1133 1265 quo
1157 1185 1254 1246 modo
1277 1205 1344 1247 rem
1368 1188 1478 1267 egerit.

227 1293 376 1355 Medeam
400 1291 511 1365 enim,
530 1311 612 1372 quae
642 1291 777 1354 fortasse
800 1293 897 1355 etiam
920 1293 951 1354 in
973 1290 1133 1372 Euripidis
1155 1290 1334 1352 Peliadibus
1355 1283 1478 1354 Dianae

226 1399 376 1460 sacerdos
393 1396 516 1476 erat¹⁸),
540 1396 649 1458 vetulo
665 1397 762 1486 ariete
784 1396 815 1458 in
838 1418 958 1479 agnum
978 1416 1134 1460 converso
1149 1395 1254 1458 Peliae
1270 1395 1395 1459 filiabus
1409 1418 1478 1478 per-

226 1503 380 1577 suasisse,
403 1511 438 1564 ut
460 1511 585 1583 patrem
608 1511 794 1576 mactarent,
817 1503 879 1565 iam
902 1503 955 1565 diu
972 1502 1158 1577 constabat;
1180 1503 1265 1582 apud
1285 1502 1479 1582 Dionysium

226 1619 393 1689 praeterea
408 1607 538 1668 senilem
562 1606 702 1687 speciem
726 1605 868 1670 femineis
890 1608 1012 1670 artibus
1035 1608 1093 1670 sibi
1114 1607 1214 1669 induit
1236 1616 1269 1669 et
1290 1609 1428 1689 primum
1444 1630 1480 1672 se

130 1706 133 1712 ’
227 1713 355 1779 senibus
369 1713 565 1774 iuventutem
578 1712 712 1773 reddere
730 1732 826 1792 posse
842 1733 881 1775 eo
897 1716 1097 1776 demonstrat
1113 1713 1200 1793 quod
1216 1713 1285 1793 ipsa
1298 1714 1480 1776 iuvenescit.

227 1819 325 1880 Aliud
349 1817 534 1897 exemplum
558 1815 690 1878 exhibet
711 1819 851 1880 narratio
866 1818 1002 1880 Medeae
1020 1817 1165 1881 facinoris
1181 1818 1211 1879 in
1226 1817 1348 1880 Iasonis
1363 1818 1483 1882 liberos

226 1923 396 1986 commissi.
440 1921 542 1982 Recte
572 1922 656 1983 enim
684 1921 854 1984 Eduardus
884 1921 1047 1985 Schwartz
1079 1925 1130 2004 (p.
1161 1924 1260 2002 5-8)
1290 1924 1483 1999 observavit,

226 2027 420 2108 Dionysium
435 2046 544 2107 presse
559 2025 719 2106 Euripidis
734 2025 885 2089 Medeam
900 2035 1045 2090 secutum
1061 2046 1182 2107 paucos
1198 2027 1287 2088 locos
1303 2031 1482 2094 correxisse

226 2135 341 2207 videri,
372 2141 407 2195 ut
436 2131 549 2193 melior
578 2131 747 2212 aptiorque
778 2133 995 2195 restitueretur
1023 2152 1128 2195 rerum
1151 2152 1326 2197 connexus.
1371 2134 1482 2215 lpsum

227 2239 420 2318 Dionysium
454 2239 498 2299 ita
530 2237 689 2317 Euripidis
723 2235 850 2300 fabulae
886 2248 1112 2319 argumentum
1145 2236 1289 2312 flexisse,
1328 2260 1380 2302 me
1416 2262 1482 2304 non

178 2417 182 2426 Ι
227 2354 347 2407 temere
375 2352 455 2424 puto
486 2343 654 2423 suspicari,
693 2363 766 2404 cum
797 2363 906 2406 revera
935 2365 1007 2406 eum
1039 2343 1180 2419 fabulas,
1211 2364 1292 2424 quas
1321 2365 1381 2408 suo
1411 2349 1482 2410 usui

226 2450 410 2530 adaptaret,
442 2456 582 2510 mutasse
612 2449 854 2510 ostenderimus.
900 2449 984 2510 Nam
1007 2469 1191 2523 causarum,
1224 2449 1339 2529 quibus
1361 2451 1408 2513 vir
1430 2453 1482 2515 ille

227 2557 341 2617 doctus
370 2562 554 2616 commotus
582 2552 719 2633 Dionysi
753 2555 966 2616 narrationem
996 2556 1037 2617 ad
1063 2554 1293 2636 Neophronem
1323 2558 1482 2637 pertinere

227 2660 357 2733 censuit,
381 2658 482 2721 altera
503 2658 590 2722 haud
610 2661 732 2721 minore
756 2661 822 2722 iure
842 2681 901 2740 pro
917 2660 1076 2740 Dionysio
1092 2659 1225 2740 proferri
1242 2669 1358 2739 potest,
1383 2680 1481 2740 quam

215 2786 289 2847 ,pro
305 2764 511 2845 Neophrone‚
535 2763 634 2826 altera
653 2785 717 2827 non
740 2766 843 2845 cogit:
869 2786 942 2827 nam
959 2784 1022 2827 non
1038 2764 1160 2826 Iasonis
1183 2785 1271 2827 mors
1292 2765 1480 2839 voluntaria,

229 2881 265 2933 ut
280 2870 450 2932 Eduardus
467 2868 629 2931 Schwartz
647 2871 731 2944 dicit,
755 2869 942 2950 Neophroni
965 2870 1129 2948 proprium
1153 2878 1211 2942 est,
1235 2870 1291 2931 sed
1308 2867 1482 2947 suspendio

228 2977 376 3038 Iasonem
414 2974 513 3036 vitam
549 2973 687 3036 finivisse
720 2995 738 3036 a
770 2986 869 3057 poeta
906 2973 959 3035 illo
997 2971 1187 3057 ξενικώτερον
1224 2975 1374 3037 traditum
1411 2991 1482 3034 esse

229 3081 401 3144 scholiasta
431 3081 471 3141 ad
495 3079 570 3140 Eur.
596 3079 680 3141 Med.
710 3081 788 3160 1387
818 3083 966 3152 adnotat,
998 3079 1161 3143 Diodorus
1190 3088 1298 3142 autem
1333 3078 1397 3138 »διὸ
1419 3078 1483 3157 (τὸν

228 3185 385 3266 Ἰάσονα),ι
412 3185 521 3266 inquit,
546 3230 602 3245 ...
626 3179 676 3244 4»ἐκ
698 3194 752 3245 τοῦ
767 3184 819 3264 ζῆν
840 3179 947 3245 ἑαυτὸν
959 3193 1178 3265 μεταστῆσαιι.
1583 3182 1585 3186 ’

315 3289 407 3372 Quae
430 3310 503 3352 curn
526 3291 569 3352 ita
592 3293 670 3365 sint,
702 3290 894 3370 Dionysium
919 3291 948 3350 in
972 3289 1074 3365 libris,
1106 3311 1187 3370 quos
1210 3291 1335 3371 scripsit
1358 3291 1398 3352 dc
1420 3289 1480 3350 Ar-

230 3397 387 3480 gonautis,
404 3395 529 3457 duobus
545 3416 609 3457 non
621 3397 750 3458 doctam
762 3396 802 3457 de
815 3394 878 3458 hoc
890 3395 1068 3457 fabularum
1079 3415 1163 3475 gyro
1177 3396 1481 3457 commentationem

229 3523 302 3566 cum
319 3503 402 3564 notis
418 3502 577 3562 variorum
593 3501 718 3564 dedisse
734 3520 890 3581 apparere
910 3510 999 3582 puto,
1023 3499 1088 3570 sed,
1109 3508 1228 3586 utpote
1232 3506 1481 3582 quempoetam

230 3629 293 3694 non
314 3606 560 3692 grammaticum
586 3605 682 3674 fuisse
713 3626 755 3668 ex
785 3607 851 3667 eius
879 3604 920 3664 de
944 3604 1072 3678 Baccho
1099 3624 1202 3685 ,opere
1224 3603 1482 3684 cognoverimus,

230 3711 491 3776 historiunculam
514 3707 692 3792 protulisse,
716 3730 780 3790 qua
802 3709 977 3772 delectaret
999 3708 1144 3772 lectores.
1182 3706 1265 3771 Cum
1288 3717 1396 3770 autem
1419 3728 1483 3769 non

231 3819 354 3884 fabulas
381 3815 497 3878 referre
520 3825 574 3879 aut
600 3815 799 3897 interpretari
825 3815 979 3890 voluerit,
1010 3816 1067 3876 sed
1096 3835 1230 3876 exarare
1261 3814 1292 3877 id
1313 3814 1401 3893 quod
1426 3833 1485 3874 nos

231 3926 363 3988 dicimus
389 3923 571 3994 »Roman«,
603 3923 691 3984 cuius
722 3928 949 4002 argumentum
970 3920 1152 4000 aequalium
1177 3940 1266 3982 more
1288 3939 1331 3981 ex
1353 3917 1484 3980 historia
1496 3910 1556 3972 lu..
1575 3903 1626 3980 ml

317 4184 352 4252 ¹⁸)
379 4205 404 4236 v.
431 4184 460 4235 C.
482 4184 593 4233 Robert:
622 4183 840 4248 Archltologische
858 4182 967 4245 Zeitung
987 4181 1067 4244 1875;
1097 4180 1182 4255 Udalr.
1208 4181 1239 4230 de
1264 4181 1434 4232 Wilamowitz
1460 4181 1486 4230 in

233 4278 341 4325 Hermae
365 4274 415 4323 vol.
434 4273 484 4322 XV
509 4289 535 4337 p.
552 4273 602 4337 485
627 4281 679 4322 not.
703 4285 712 4320 1
739 4279 827 4321 contra
849 4269 898 4319 Ed.
919 4269 1060 4325 Schwartz,
1089 4268 1132 4332 qui
1156 4269 1261 4318 Roberti
1286 4271 1435 4320 sententiam
1461 4269 1487 4316 in

233 4350 404 4424 disiertatione
424 4379 449 4427 p.
471 4373 487 4423 9
506 4377 543 4425 sq.
562 4361 673 4409 refellere
692 4361 829 4419 studuerat,
850 4374 905 4408 eam
924 4357 1045 4407 defendit.
1502 4357 1503 4361 ’
