3438 5028
236 516 343 570 Diodor.
368 517 416 569 111.
441 519 483 578 64.
506 531 531 580 3,
574 517 680 567 Diodor.
698 517 744 566 IV.
765 531 789 568 2.
810 531 833 582 3.
876 517 939 568 bibl.
955 533 981 581 p.
993 515 1035 579 86,
1056 517 1073 570 l.
1087 531 1170 583 3sqq.
1232 519 1303 584 Hyg.
1323 519 1376 572 sab.
1400 531 1460 586 179.

233 603 282 654 καὶ
306 601 389 654 τούτο
408 601 462 671 μὲν
481 597 531 653 τὸν

236 691 294 741 Δία
310 687 418 754 ταχέως
432 689 471 745 είς
484 681 532 738 τὸν

234 771 337 825 ἑαυτοῦ
365 766 457 840 μηρὸν
486 771 532 836 ἔγ·

233 854 356 924 κρύψαι·
394 851 465 922 μετὰ
501 853 532 906 di

254 947 340 995 ταῦτα
367 951 417 993 τοῦ
440 935 508 992 κατὰ

237 1024 325 1096 φύσιν
342 1028 389 1090 τῆς
400 1026 534 1092 γενέσεως

231 1106 342 1182 χρόνον
359 1107 410 1162 νύν
426 1111 534 1164 τελείαν

762 347 972 408 ..50-

876 601 906 653 ἐιι
916 611 967 654 τοῦ
981 599 1069 672 πυρὸς
1080 598 1171 676 ἄραᾶ-

877 700 926 742 σας
964 687 1098 757 ἐνέρραψε
1134 689 1173 756 τῷ

875 772 1013 842 μηρῷ...
1050 769 1118 822 κατὰ
1139 771 1169 823 δὲ

876 853 926 907 τὸν
942 848 1047 925 χρόνον
1059 851 1108 907 τὸν
1123 873 1172 907 κα-

877 935 1001 1004 θήκοντα
1033 935 1174 993 Διόνυσον

877 1027 963 1093 γεννᾷ
992 1025 1063 1085 Ζεύς
1091 1022 1174 1085 λύσας

877 1107 910 1158 τὰ
930 1103 1072 1181 ράμμαῖαι

234 1192 350 1261 αὔξησιν
364 1193 533 1260 ποιήσαντος

591 1324 723 1382 instrasti
733 1325 851 1379 παιδίον
878 1330 924 1379 καὶ
943 1328 1059 1382 ύίύωσιν
1074 1325 1169 1400 Ἑρμῇ.

556 1406 849 1478 ἀναλαβόντατόνΔία
943 1415 960 1466 1.
975 1428 1006 1464 22
1021 1411 1172 1481 καὶλαρὠν
1197 1430 1272 1478 quem
1297 1417 1437 1467 Mercurius
1463 1419 1499 1468 ab

585 1496 761 1560 παραδοῦναι
783 1496 822 1564 τῷ
877 1494 963 1551 αὐτὸν
980 1494 1079 1572 Ἑρμῆς
1195 1499 1254 1562 igne
1284 1509 1397 1565 ereptum
1421 1502 1498 1567 Nyso

553 1577 652 1655 Ἐρμῇ,
687 1582 733 1633 καὶ
764 1598 850 1650 προς·
1196 1583 1266 1634 dedit
1285 1585 1447 1636 educandum

554 1661 630 1725 τάξαι

232 1802 399 1871 ἀπενεγκεῖν
415 1800 446 1854 τὸ
465 1803 528 1872 βρέ-
556 1804 639 1854 τοῦτο
682 1799 735 1871 μὲν
780 1797 852 1851 ‹ino-
879 1802 950 1875 πρὸς
973 1801 1088 1875 νύμφας
1110 1799 1171 1857 ἐκό-

235 1907 289 1960 φος
306 1893 346 1947 εἰς
364 1891 461 1939 Νῦσαν
482 1889 530 1951 τῆς
556 1890 670 1955 κομίσαι
707 1880 777 1956 πρὸς
818 1885 851 1937 τὸ
877 1901 960 1957 μισεν
978 1889 1008 1940 ἐν
1025 1886 1104 1963 Νύση
1125 1891 1173 1953 τῆς

230 1969 372 2042 Ἀραβίας·
556 1966 659 2043 ἄντρον
694 1965 724 2021 τὸ
758 1968 788 2023 ἓν
818 1971 852 2042 τῇ
877 1968 968 2032 ’Λαίας
989 1959 1173 2034 κανοικούοας

556 2052 643 2128 Νύση,
661 2059 791 2126 κείμενον
802 2072 848 2123 με·

556 2139 622 2201 ταξύ
647 2144 780 2206 Φοινίκης
806 2135 852 2190 iai

583 2229 699 2290 Νείλου,
718 2231 779 2286 ταῖς
796 2223 828 2277 δὲ

557 2305 683 2380 νύμφαις
705 2309 853 2379 παραδοῦ-

557 2412 604 2447 ναι
621 2398 740 2468 τρέφειν.

268 2532 392 2584 ἐνταῦθα
416 2525 447 2582 δ’
472 2524 527 2580 ὑπὸ
588 2529 695 2584 ...διὸ
714 2535 762 2584 καὶ
780 2549 846 2600 τρα-
1191 2542 1217 2584 et
1247 2549 1336 2599 graece
1362 2534 1496 2598 Dionysos

233 2615 355 2686 νυμφῶν
383 2618 526 2684 τραφέντα
554 2611 846 2686 φέντατόνΔιόννσον
1192 2627 1229 2668 est
1250 2619 1400 2684 appellatus.

233 2698 283 2754 τὸν
307 2700 396 2753 παῖδα
419 2714 526 2770 προσα·
553 2702 582 2753 ἐν
609 2704 642 2774 τῇ
658 2699 737 2773 Νύση
756 2705 847 2768 τυχεῖν
935 2755 936 2758 ,

252 2787 421 2859 γορευθῆναι
455 2784 509 2856 μὲν
570 2787 618 2851 τῆς
637 2793 827 2858 προσηγορίας

230 2871 289 2925 ἀπὸ
332 2872 381 2924 τοῦ
421 2868 527 2940 πατρὸς
551 2868 651 2937 ταύτης
685 2865 741 2924 αἰιὸ
778 2869 847 2932 Διὸς

230 2961 278 3009 καὶ
295 2959 347 3009 τοῦ
359 2953 446 3009 τόπου
458 2949 526 3008 Διό·
551 2959 598 3007 καὶ
615 2953 716 3023 Νύσης.

231 3057 317 3096 νσσον
336 3085 342 3098 .
363 3079 395 3093 ..

318 3203 379 3264 Hic
409 3222 583 3265 consensus
613 3223 687 3264 cum
709 3203 799 3265 aliter
828 3202 959 3265 omnino
982 3223 1046 3264 non
1068 3202 1170 3282 possit
1192 3201 1361 3283 explicari,
1389 3213 1491 3284 atque

229 3310 272 3371 ad
309 3328 408 3370 unum
445 3305 594 3370 omnibus
632 3305 753 3370 fontem
790 3309 929 3383 vocatis,
979 3308 1133 3370 adnotem
1170 3306 1351 3370 Diodorum
1387 3311 1487 3374 etiam

229 3414 272 3476 de
310 3412 411 3474 Musis
448 3413 587 3474 eundem
616 3411 922 3493 mythographicum
952 3410 1074 3474 iontem
1104 3412 1218 3475 adiisse
1247 3413 1356 3477 videri.
1400 3415 1489 3479 Nam

230 3519 466 3597 Mnemosynae
490 3526 523 3580 et
545 3517 630 3578 Iovis
658 3537 714 3579 eas
743 3536 815 3579 esse
844 3517 939 3592 filias,
970 3517 1059 3598 quod
1087 3537 1106 3578 a
1132 3517 1275 3597 plurimis
1298 3519 1488 3602 mythogra-

230 3622 369 3705 phorum
391 3622 473 3685 tradi
487 3623 651 3684 Diodorus
672 3622 756 3696 dicit,
780 3620 896 3702 legitur
916 3621 1013 3685 etiam
1035 3623 1065 3684 in
1086 3620 1282 3685 bibliotheca
1300 3623 1324 3687 I.
1350 3642 1377 3704 3.
1400 3643 1430 3705 9,
1455 3643 1487 3689 2.

229 3727 296 3790 Sed
319 3729 415 3790 etiam
437 3726 605 3788 Alcmanis
636 3747 739 3788 raram
763 3727 959 3790 mentionem
990 3748 1033 3789 ex
1063 3725 1235 3790 enchiridio
1259 3728 1488 3812 mythologice

228 3831 360 3894 fluxisse
375 3831 546 3895 Udalricus
561 3831 602 3893 de
617 3831 832 3894 Wilamowitz
847 3833 1088 3908 demonstravit,
1112 3833 1165 3912 qui
1182 3833 1325 3896 eiusdem
1348 3835 1487 3899 rivulum

230 3938 260 3999 in
285 3936 461 4001 Clementis
483 3935 694 3999 Alexandrini
718 3939 916 4018 protreptico
943 3959 974 4019 p.
999 3954 1039 4019 27
1062 3938 1187 4000 detexit
1196 3939 1247 4019 ⁷⁰).

231 4151 322 4156 —..-—
336 4148 436 4155 ..——-

316 4296 351 4363 ⁷⁰)
369 4296 612 4347 Commentarioluni
629 4298 820 4358 grammaticum
839 4299 874 4349 ΙΙ.
892 4316 918 4363 p.
940 4311 977 4349 11.
