3480 5030
753 441 963 502 „31-

233 591 305 653 illas
321 591 457 654 Diodori
480 592 499 653 l.
516 590 560 652 Ill
583 600 616 653 et
631 592 679 653 IV
695 601 811 673 partes,
829 614 912 674 quae
927 593 968 654 de
983 592 1084 655 tribus
1095 591 1229 658 Bacchis
1245 601 1354 673 agunt,
1370 591 1489 656 abhoc

233 697 390 776 scriptore
413 717 483 759 esse
499 696 633 759 alienas.
667 695 748 759 Sunt
763 707 871 759 autem
898 697 1052 778 imprimis
1067 696 1086 759 l.
1102 697 1147 758 Ill
1162 698 1268 778 capita
1284 718 1303 761 a
1322 697 1363 759 62
1386 716 1488 776 usque

233 801 274 866 ad
287 801 329 862 66
342 804 362 882 ἓ
377 817 404 880 3,
418 801 576 880 inquibus
592 822 696 883 neque
707 801 772 864 ulla
783 801 1067 882 Scytobrachionis
1079 805 1198 864 mentio
1214 800 1258 877 fit,
1272 821 1376 882 neque
1387 801 1487 864 ullum

232 907 387 986 reperitur
411 906 545 969 verbum
568 908 649 970 illius
671 909 712 969 de
734 905 863 969 Baccho
886 907 1058 968 narrationi
1086 907 1312 988 propinquum.
1351 905 1487 987 Quibus-

232 1030 305 1071 cum
328 1019 363 1072 ut
386 1010 561 1073 admodum
585 1013 714 1092 quidem
737 1012 963 1092 coniungeret„
979 1011 1067 1090 quod
1085 1031 1128 1072 ex
1141 1010 1300 1091 Dionysio
1316 1011 1490 1092 excerpsit,¹

130 1136 131 1139 ¹
231 1115 356 1178 duabus
378 1117 552 1180 rationibus
573 1137 648 1179 usus
667 1125 716 1179 est
737 1116 910 1178 Diodorus.
947 1116 1087 1178 Primum
1103 1117 1187 1178 enim
1202 1118 1306 1198 capite
1327 1117 1370 1178 66
1384 1116 1487 1180 varias

233 1220 404 1301 perlustrat
433 1221 473 1283 de
496 1221 612 1284 Bacchi
633 1222 737 1302 patria
764 1221 954 1295 sententias,
985 1229 1021 1282 ut
1042 1220 1134 1300 Nysa
1158 1231 1413 1285 commemorata
1435 1221 1487 1282 ad-

233 1333 340 1387 nectat
361 1325 518 1406 LibycaS,
549 1345 630 1407 quas
652 1327 738 1398 dicit,
761 1323 894 1387 fabulas.
938 1325 1024 1386 Tum
1053 1345 1148 1401 vero,
1177 1347 1241 1407 qua
1269 1335 1319 1389 est
1344 1326 1486 1403 audacia,

233 1429 339 1511 fingit,
369 1430 522 1493 Liberum
544 1430 717 1492 Ammonis
745 1438 778 1492 et
800 1428 995 1492 Amaltheae
1016 1428 1132 1504 filium,
1162 1450 1258 1510 quem
1284 1429 1487 1511 Thymoetes

235 1534 422 1609 celebravit,
450 1536 545 1597 trium
574 1534 669 1598 fuisse
697 1535 845 1616 primum.
897 1533 1117 1597 Observamus
1153 1536 1248 1616 igitur
1277 1536 1361 1598 idem
1399 1536 1487 1615 quod

234 1659 331 1720 supra
358 1641 390 1701 in
421 1640 665 1721 Argonauticis,
695 1640 876 1702 Diodorum
899 1659 1024 1701 summa
1052 1638 1178 1702 licentia
1200 1639 1323 1703 fabulas
1348 1641 1429 1702 inter
1452 1659 1487 1702 se
1530 1649 1532 1652 ’

234 1763 367 1824 prorsus
387 1745 529 1808 diversas
551 1745 767 1807 commiscere.
802 1743 915 1826 Capite
937 1760 980 1824 74
1001 1745 1138 1823 denique
1154 1743 1260 1806 nescio
1276 1763 1340 1825 quo
1356 1751 1487 1806 auctore

235 1868 311 1908 usus
326 1851 502 1912 secundum
519 1850 681 1912 Bacchum
697 1851 909 1931 Aegyptium,
926 1850 1054 1911 tertium
1070 1847 1229 1911 Graecum
1241 1848 1336 1911 fuisse
1351 1849 1489 1912 breviter

235 1953 370 2015 adnotat
378 1953 430 2037 36).

322 2056 387 2121 Sed
415 2080 455 2123 ne
484 2043 693 2141 hic'quidem
716 2057 813 2122 finem
838 2058 912 2121 facit
939 2059 980 2120 de
1002 2059 1131 2122 Baccho
1162 2059 1351 2134 disserendi;
1381 2059 1487 2139 pergit

235 2162 317 2225 libro
339 2163 396 2226 IV.
441 2165 552 2248 Atque
582 2167 674 2229 huius
696 2165 766 2227 libri
789 2166 820 2226 in
843 2163 1000 2245 capitibus
1023 2179 1103 2244 2—-5
1137 2165 1238 2227 multa
1259 2163 1376 2244 repeti,
1407 2184 1489 2245 quae

235 2269 298 2330 iam
325 2269 394 2332 libri
416 2271 461 2334 ΙΙΙ
491 2273 521 2334 in
552 2272 709 2352 capitibus
731 2269 859 2332 62-66
888 2271 973 2333 dicta
1000 2280 1098 2346 erant,
1129 2271 1298 2333 Eduardus
1326 2267 1489 2333 Schwartz

238 2363 482 2458 observavitssl).
515 2378 563 2439 At
586 2397 644 2438 nos
665 2395 738 2438 cum
761 2395 801 2437 eo
825 2395 867 2437 ex
882 2373 942 2436 hac
957 2375 1182 2438 observatione
1197 2374 1388 2451 concludere
1405 2393 1490 2438 vere-

235 2500 322 2554 mur,
352 2480 473 2542 sontem
503 2482 635 2545 subesse
665 2482 801 2543 eundem
830 2478 988 2560 capitibus
1009 2480 1176 2543 62-661.
1199 2479 1254 2557 III,
1277 2488 1374 2558 atque
1397 2480 1416 2543 l.
1441 2477 1489 2540 IV

234 2586 391 2667 capitibus
422 2602 481 2647 2-
489 2601 515 2667 5.
561 2586 699 2667 Qualem
725 2586 809 2647 enim
838 2583 933 2647 luisse
955 2593 1049 2665 putas
1079 2595 1260 2660 auctorem,
1293 2583 1346 2665 qui
1377 2583 1489 2646 iisdem

235 2712 333 2773 saepe
355 2691 461 2754 verbis
482 2690 523 2750 de
546 2710 676 2770 prorsus
695 2692 831 2753 diversis
854 2691 949 2752 rebus
978 2691 1100 2771 egerit?
1145 2690 1227 2754 Sunt
1249 2698 1357 2751 autem
1381 2709 1492 2755 revera

234 2799 276 2860 de
299 2796 427 2860 Baccho
450 2797 641 2871 sententiae,
666 2815 750 2876 quae
776 2798 807 2858 in
829 2795 910 2857 libro
933 2795 981 2857 IV
1004 2793 1214 2876 proferuntur,
1242 2794 1412 2876 oppositae
1435 2795 1488 2870 eis,

236 2924 317 2984 quas
341 2904 372 2965 in
394 2902 476 2965 libro
494 2901 540 2964 ΙΙΙ
562 2902 744 2983 explicavit.
777 2901 863 2963 Nam
878 2901 908 2961 in
927 2900 1008 2962 libro
1025 2899 1072 2961 IV
1087 2900 1152 2962 duo
1167 2901 1283 2965 Bacchi
1298 2903 1491 2984 distinguun-

236 3019 302 3071 tur:
337 3008 421 3070 filius
447 3007 532 3069 Iovis
562 3018 595 3070 et
624 3005 772 3069 Semelae
802 3014 899 3086 atque
928 3003 1010 3066 filius
1039 3001 1124 3069 lovis
1152 3014 1185 3067 et
1206 3005 1428 3090 Proserpinae;
1459 3009 1490 3073 in

239 3113 309 3175 libri
330 3112 375 3173 III
398 3120 506 3173 autem
530 3111 635 3192 capite
663 3111 704 3190 63
727 3120 791 3173 tres
814 3119 1054 3172 enumerantur:
1085 3110 1206 3190 primus
1226 3109 1360 3187 Indicus,
1384 3133 1492 3175 secun-

238 3219 296 3280 dus
318 3217 402 3279 filius
417 3216 502 3277 lovis
518 3225 551 3278 et
562 3215 770 3296 Proserpinae
787 3224 843 3277 aut
858 3214 991 3291 Cereris,
1010 3215 1121 3277 tertius
1136 3210 1219 3277 filius
1236 3216 1320 3280 Iovis
1335 3227 1367 3280 et
1382 3217 1490 3281 Seme·

236 3322 295 3386 lae.
330 3323 467 3386 Accedit
490 3323 578 3402 quod
600 3321 705 3402 capita
719 3319 772 3382 illa
787 3320 855 3382 libri
871 3320 918 3382 IV
937 3330 1004 3382 tam
1020 3319 1118 3382 stulte
1132 3329 1205 3382 sunt
1219 3319 1397 3395 confusa,ut
1411 3325 1491 3387 Dio-

236 3429 352 3491 dorum
367 3448 405 3490 ea
420 3428 572 3490 continuo
588 3447 631 3489 ex
645 3446 709 3489 uno
725 3425 813 3488 fonte
825 3427 1028 3506 descripsisse
1040 3426 1125 3488 credi
1136 3427 1192 3487 vix
1203 3435 1280 3507 pote
1292 3429 1340 3488 sit.
1377 3427 1490 3509 Itaque

239 3533 315 3597 mihi
330 3534 396 3596 veri
411 3533 538 3598 videtur
548 3531 660 3607 simile,
683 3552 757 3593 eum
770 3533 874 3613 ipsum
886 3530 939 3592 illa
952 3531 1189 3612 conglutinasse
1201 3552 1243 3593 ex
1255 3532 1347 3595 variis
1363 3531 1491 3595 laciniis

237 3641 327 3721 Quas
358 3641 441 3702 unde
471 3638 612 3700 hauserit
641 3657 714 3699 cum
743 3638 799 3701 vix
826 3637 866 3699 sit
889 3656 1007 3717 operae
1027 3638 1166 3718 pretium
1188 3638 1359 3718 inquirere,
1387 3657 1491 3718 pauca

237 3747 336 3808 modo
370 3747 532 3808 adnotem.
584 3741 764 3805 Diodorum
798 3743 899 3804 multa
931 3761 974 3803 ex
1010 3741 1090 3803 libro
1126 3742 1172 3832 III
1208 3742 1392 3823 repetivisse
1427 3743 1490 3804 iam

237 3852 408 3914 Eduardus
438 3849 601 3913 Schwartz
631 3848 822 3913 observavit.
867 3847 918 3909 De
947 3847 1059 3927 capitis
1082 3847 1140 3908 21.
1164 3847 1212 3908 IV
1236 3850 1256 3927 ξ
1283 3863 1381 3924 1—3,
1408 3865 1491 3926 quae

323 4047 359 4115 88)
378 4049 495 4098 Ceterum
514 4045 628 4096 similiter
645 4044 794 4094 aCiceroue
811 4045 837 4093 in
855 4045 872 4094 l.
890 4045 930 4094 III
942 4043 974 4092 de
988 4043 1092 4092 deorum
1107 4051 1196 4092 natura
1207 4042 1291 4108 plures
1304 4043 1492 4107 distinguuntur

238 4138 341 4198 Bacchi,
361 4137 493 4194 Hercules,
514 4137 597 4198 Ioves,
616 4133 667 4185 alii.
698 4135 770 4198 Quae
788 4133 851 4184 ratio
869 4134 933 4183 inter
944 4132 1074 4182 Ciceronis
1091 4139 1116 4181 et
1128 4130 1235 4180 Diodori
1253 4131 1333 4181 fontes
1346 4133 1490 4194 intercedat,

270 4243 295 4276 sc
306 4243 329 4277 o.

237 4244 268 4278 ¹¹0
297 4245 304 4277 ¹
323 4312 358 4381 ⁸⁷)
377 4313 437 4364 Sola
453 4314 472 4363 l.
492 4314 538 4365 IV.
559 4329 581 4362 c.
602 4325 617 4360 2
636 4309 650 4378 ἓ
671 4324 684 4378 5
703 4328 717 4361 e
735 4307 955 4376 Scytobrachionis
973 4314 1089 4371 excerpto
1108 4307 1212 4371 repetita
1230 4313 1279 4357 est:
1299 4306 1332 4356 cl.
1350 4309 1399 4358 111.
1414 4320 1454 4372 73.
1466 4309 1490 4360 6.

237 4406 278 4454 De
295 4403 420 4467 Dionysio
438 4401 651 4464 Scytobrachione
668 4418 693 4466 p.
712 4413 744 4462 42
763 4415 819 4463 sqq.
