3438 5028
726 416 936 478 ,94-

200 592 288 646 mus,
318 571 434 632 desunt
462 570 493 631 in
520 560 760 649 'Argonauticis
806 568 891 630 Nam
921 589 1012 630 veras
1042 568 1189 647 antiquas
1221 566 1360 641 sabulas,
1395 588 1459 630 non

200 676 415 758 posteriorum
445 683 637 746 commenta,
662 672 747 735 haud
777 673 844 735 sine
874 674 1094 754 discrepantiis
1122 671 1259 734 Diodori
1288 674 1328 734 de
1354 672 1458 754 Argo-

201 781 304 842 nautis
338 780 562 842 adnotationes
585 778 757 859 praebent,
792 779 873 840 sicut
906 797 957 839 ex.
988 795 1034 856 gr.
1068 777 1216 840 Herculis
1249 798 1459 858 parergorum

202 887 351 948 narratio.
396 885 564 946 Praeterea
594 883 728 945 Diodori
759 882 881 944 fontem
915 879 1223 964 mythographicum
1253 883 1459 963 Apollodoro

200 1000 234 1052 et
256 989 390 1070 Hygino
413 991 630 1070 propinquum
652 1010 722 1050 esse
745 988 977 1050 intelleximus:
1001 1007 1089 1068 ergo,
1114 1009 1188 1050 cum
1211 1009 1258 1060 ea,
1283 1006 1366 1066 quae
1384 988 1459 1049 Dio-

202 1096 300 1156 dorus
323 1095 363 1156 de
384 1094 492 1155 Phrixi
515 1093 599 1175 luga,
623 1094 745 1155 Iasonis
768 1093 983 1175 expeditione,
1008 1091 1145 1154 Medeae
1173 1092 1365 1156 facinoribus
1389 1094 1459 1157 bre-

202 1201 283 1260 viter
305 1201 587 1272 commemoravit,
619 1199 776 1261 artissimo
798 1198 924 1261 vinculo
947 1219 1020 1260 cum
1042 1198 1248 1277 Apollodoro
1271 1207 1303 1260 et
1327 1198 1460 1279 Hygino

203 1305 372 1366 coniuncta
394 1305 464 1377 sint,
488 1307 553 1366 veri
583 1313 632 1366 est
654 1304 864 1377 simillimum,
889 1305 985 1365 etiam
1009 1283 1462 1383 ArgonauticorumDiodori

203 1431 252 1482 ea,
276 1429 360 1489 quae
378 1408 635 1489 significavimus,
660 1410 700 1470 ad
724 1410 860 1471 eundem
883 1409 972 1470 illum
996 1407 1302 1490 mythographicum
1322 1409 1461 1471 historici

205 1515 326 1577 fontem
350 1515 516 1595 pertinere.
1518 1508 1520 1510 ’

291 1618 383 1700 Quae
407 1639 480 1680 cum
503 1620 546 1680 ita
569 1615 638 1693 sint,
664 1619 728 1680 iarn
751 1618 816 1681 lere
839 1618 1053 1699 cognoscitur,
1078 1618 1173 1698 quale
1195 1616 1287 1679 suerit
1311 1637 1459 1698 compen-

182 1725 294 1786 dium
316 1725 392 1786 illud
416 1723 567 1796 fabulare,
592 1725 681 1786 cuius
704 1724 822 1786 rivulos
845 1725 876 1785 in
898 1723 1055 1795 Diodoro,
1079 1721 1295 1802 Apollodom,
1319 1722 1461 1803 Hygin0,

204 1831 273 1892 aliis
296 1829 544 1910 mythographis
567 1850 625 1910 per
647 1828 768 1890 scholia
790 1827 946 1909 dispersis·
965 1830 1155 1890 deteximus

294 1934 344 1996 Ac
366 1936 505 2016 primum
527 1935 720 2014 quaerimus
745 1954 810 2014 quo
826 1943 976 2014 tempore
996 1943 1164 1996 exaratum
1180 1933 1229 1995 sit.
1266 1933 1462 2006 Terminum,

203 2048 278 2100 ante
308 2058 404 2117 quem
435 2039 588 2120 scriptum
618 2049 683 2112 est,
713 2047 799 2100 certe
829 2040 945 2101 indicat
975 2040 1147 2104 Diodorus.
1193 2037 1257 2117 Qui
1286 2058 1359 2099 cum
1389 2046 1464 2119 post
1569 2061 1572 2064 ·

205 2142 351 2205 Caesaris
373 2154 512 2206 mortem
534 2144 739 2224 βιβλιοθήκην
762 2142 914 2227 ἷστορικήν
936 2145 1074 2207 condere
1090 2148 1233 2224 coeperit
1248 2163 1352 2222 neque
1367 2142 1486 2204 finem*

204 2257 279 2310 ante
301 2269 419 2310 annum
444 2265 478 2308 21
504 2248 687 2331 lecerit¹¹⁸),
712 2259 786 2312 ante
809 2270 927 2311 annum
949 2266 992 2326 44
1016 2248 1131 2312 librum
1155 2249 1244 2310 illum
1268 2258 1374 2310 ortum
1391 2268 1462 2310 esse

182 2383 183 2390 .
206 2353 414 2418 concluditur.
445 2356 630 2416 Terminum
654 2365 771 2429 autern,
795 2364 871 2436 post
894 2374 990 2436 quem
1013 2355 1134 2416 editum
1157 2362 1215 2427 est,
1239 2352 1343 2415 adhuc
1366 2353 1463 2414 alium

206 2459 398 2538 investigare
420 2479 545 2538 nequeo
569 2469 666 2541 atque
686 2460 823 2540 Dionysi
848 2458 1132 2539 Scytobrachionis
1155 2467 1305 2529 aetatem,
1331 2457 1384 2538 qui
1399 2456 1464 2519 fere

206 2565 422 2658 circaannum
440 2580 498 2626 100
510 2567 627 2628 vixisse
639 2566 835 2645 videtur119).
868 2565 947 2626 Eius
958 2565 1042 2626 enim
1057 2566 1088 2626 in
1107 2564 1162 2626 illo
1178 2564 1372 2644 compendio
1383 2564 1464 2625 inter
1491 2615 1494 2620 .

207 2669 287 2732 alios
310 2671 505 2732 mentionem
529 2691 599 2732 esse
623 2669 756 2744 factam,
789 2671 907 2751 colligo
938 2671 1020 2745 inde,
1050 2671 1137 2750 quod
1161 2677 1193 2731 et
1216 2669 1247 2730 in
1269 2668 1464 2732 bibliotheca

209 2797 239 2857 p.
272 2792 312 2854 29
343 2775 361 2838 l.
395 2776 433 2836 28
464 2777 518 2855 (=
540 2777 628 2856 Hyg.
651 2773 713 2837 sab.
743 2793 779 2853 14
809 2796 839 2856 p.
870 2793 929 2854 49,
960 2775 979 2837 l.
1006 2790 1020 2854 5
1046 2776 1090 2837 M.
1118 2773 1265 2836 Schmidt
1293 2803 1336 2827 =
1365 2775 1465 2838 schol.

211 2882 276 2962 Ap.
300 2881 363 2944 Rh.
384 2881 408 2942 l.
437 2882 528 2960 1289)
553 2890 826 2943 commemoratur
848 2890 881 2942 et
903 2881 982 2942 latet
1008 2882 1067 2943 sub
1088 2880 1205 2942 verbo:
1243 2876 1347 2940 »ἴνιοκι
1381 2881 1466 2960 apud

210 2987 390 3048 Diodorum
423 3001 464 3065 47
500 2988 520 3065 ξ
556 3000 570 3063 5
608 2985 663 3068 (=
692 2986 791 3048 schol.
816 2987 881 3067 Ap.
915 2987 977 3049 Rh.
1004 2987 1026 3050 Ι,
1057 2985 1132 3068 256)
1167 2985 1198 3047 in
1229 2985 1467 3065 ArgonauticiS,

211 3112 293 3172 quae
330 3091 513 3170 composuit
544 3112 562 3152 e
591 3091 728 3172 Dionysi
759 3093 901 3172 epitoma
930 3101 962 3152 et
992 3091 1110 3153 laciniis
1138 3090 1233 3152 fontis
1266 3091 1313 3152 sui
1337 3090 1467 3170 mytho-

212 3197 366 3277 graphici.

296 3302 381 3363 Tum
405 3312 513 3364 nostra
536 3305 667 3364 interest
684 3323 890 3382 cognoscere,
912 3321 993 3381 quas
1009 3301 1132 3364 fabulas
1147 3300 1224 3378 illud
1240 3300 1468 3380 compendium

117 3406 121 3414 ’
211 3405 303 3485 primi
326 3426 354 3467 a.
382 3405 455 3468 Chr.
480 3428 509 3469 n.
534 3407 651 3470 saeculi
674 3407 882 3488 complexum
905 3408 954 3468 sit.
999 3406 1110 3486 Atque
1134 3425 1177 3466 ex
1199 3406 1259 3478 eis,
1289 3426 1371 3486 quae
1394 3406 1468 3467 Dio·

210 3510 307 3571 dorus
336 3511 364 3572 ei
395 3512 508 3586 debet,
536 3513 697 3588 videmus,
728 3512 759 3573 id
789 3512 956 3574 tradidisse
978 3511 1125 3573 Herculis
1158 3511 1290 3590 eiusque
1319 3509 1467 3585 filiorum,
1572 3569 1574 3573 ,

211 3614 344 3700 Thesei,
377 3616 514 3690 Ixionis,
546 3616 736 3696 Aesculapi,
772 3617 908 3699 Pelopis,
937 3616 1075 3690 Tantali,
1098 3615 1233 3691 Niobae,
1256 3615 1392 3678 Daedali
1415 3619 1468 3697 (77

298 3835 345 3902 ¹1⁸)
365 3857 387 3888 v.
407 3840 512 3889 Diodor.
532 3842 552 3890 1.
576 3856 600 3901 4.
622 3851 635 3901 7
662 3850 686 3889 et
706 3843 775 3892 XVI.
796 3853 819 3904 7.
857 3842 889 3894 cf.
914 3843 1069 3892 Mommsen:
1098 3841 1221 3891 rb'mische
1245 3843 1424 3907 Forschungen
1443 3843 1469 3890 II

211 3941 238 3987 p.
259 3925 309 3986 267
328 3943 352 3976 n.
372 3927 401 3974 61
423 3938 447 3976 et
467 3946 491 3993 p.
512 3939 560 3992 549
579 3945 604 3978 n.
640 3931 728 3995 Itaque
749 3945 800 3979 non
817 3931 891 3980 nimis
910 3931 1028 3980 mentitus
1046 3947 1100 3980 esse
1118 3930 1247 3980 Diodorus
1271 3932 1376 3990 videtur,
1396 3930 1469 3996 quiI

212 4028 233 4061 c.
258 4028 282 4073 4.
309 4027 318 4062 1
352 4032 396 4078 per
422 4016 524 4080 triginta
552 4033 577 4067 se
611 4034 691 4067 annos
717 4035 820 4083 operam
846 4019 872 4068 in
906 4019 1009 4069 historia
1041 4019 1175 4068 universali
1208 4020 1340 4068 scribenda
1366 4034 1470 4088 nayasse

213 4100 329 4154 affirmat

299 4188 347 4257 1¹⁹)
368 4193 454 4242 Solam
468 4209 554 4244 ansam
572 4198 675 4260 praebet
688 4197 792 4247 Sueton.
812 4198 844 4246 de
857 4197 1026 4260 grammaticis
1043 4198 1104 4255 VII,
1124 4196 1168 4260 qui
1186 4197 1290 4260 quidem
1307 4213 1358 4246 non
1379 4203 1470 4244 temere

211 4278 327 4338 credidit,
352 4281 387 4330 M.
406 4282 547 4332 Antonium
568 4283 740 4348 Gniphonem‚
761 4285 791 4334 C.
809 4285 859 4335 Iuli
873 4286 986 4335 Caesaris
998 4285 1069 4351 pueri
1091 4285 1238 4348 magistrum
1251 4284 1471 4349 Scytobrachionis

214 4367 367 4432 discipulum
385 4368 469 4432 fuisse,
493 4387 564 4421 »cum
585 4380 726 4438 temporum
745 4374 808 4423 ratio
826 4375 868 4422 vix
887 4383 1035 4438 congruat«
