3480 5030
771 367 984 446 ..36-

249 534 406 598 luctatum
428 536 481 610 ita,
506 544 541 598 ut
565 535 661 614 Eryci
677 537 789 599 victori
810 545 918 599 essent
936 537 1046 612 boves,
1070 537 1185 617 Erycis
1209 547 1318 600 autem
1341 539 1510 620 imperium

249 639 380 702 Herculi
401 641 524 703 victori.
569 641 775 704 Herodotum
797 641 860 705 hoc
890 641 964 704 loco
988 663 1007 704 a
1029 643 1184 705 Pausania
1207 642 1405 724 exscriptum
1428 663 1511 719 esse,

248 764 289 807 ne
320 746 391 825 quis
420 747 579 809 obvertat.
623 746 735 810 Tradit
765 747 849 810 enim
878 747 930 828 (V.
954 763 996 825 43
1019 757 1052 810 et
1073 748 1125 828 46)
1157 749 1198 810 de
1227 748 1349 810 Dorieo
1379 749 1511 829 quidem

249 851 374 926 eadem,
399 851 519 913 omittit
531 871 619 925 vero,
644 853 811 933 quomodo
823 852 981 915 Hercules
997 853 1166 934 imperium
1183 852 1265 915 illius
1288 852 1428 934 regionis
1449 852 1511 915 sibi

249 957 418 1036 paraverit.
461 955 651 1037 Explicatur
671 966 779 1020 autem
802 957 962 1020 Herodoti
991 958 1182 1021 auctoritate
1204 958 1389 1033 discrimen,
1421 959 1510 1038 quod

249 1062 331 1123 inter
351 1061 541 1124 Pausaniam
565 1070 597 1124 et
618 1062 800 1124 Diodorum
823 1063 864 1124 de
878 1061 989 1125 Doriei
1012 1072 1099 1125 sorte
1119 1063 1296 1129 intercedit.
1342 1063 1404 1125 Hic
1423 1065 1509 1126 enim

249 1166 406 1228 Doricum
439 1167 632 1230 Heracleam
662 1167 844 1230 condidisse
878 1168 968 1245 dicit,
1007 1169 1094 1246 quod
1128 1187 1187 1249 per
1222 1187 1258 1229 se
1293 1169 1508 1250 suspicionem

249 1280 376 1347 movet,
406 1291 482 1334 cum
504 1291 607 1353 prope
627 1271 769 1351 Erycem
792 1271 986 1334 Heracleam
1007 1272 1163 1352 oppidum
1187 1270 1283 1334 fuisse
1306 1293 1371 1334 non
1393 1282 1508 1336 notum

250 1377 306 1451 sit,
336 1375 389 1438 ille
418 1396 495 1439 vero
525 1396 600 1438 eurn
630 1375 672 1438 ab
693 1376 863 1458 Egestaeis
888 1377 1009 1438 victum
1036 1397 1107 1438 esse
1130 1386 1163 1439 et
1183 1375 1394 1440 interfectum.
1438 1379 1507 1440 Iam

249 1481 369 1562 inspice
398 1481 557 1543 Herodoti
591 1479 611 1542 l.
634 1479 677 1543 V.
708 1501 735 1543 c.
759 1483 817 1558 46:
856 1489 977 1555 narrat,
1012 1479 1168 1542 Dorieum
1191 1501 1264 1542 cum
1298 1484 1441 1545 exercitu
1476 1485 1507 1545 in

249 1584 389 1648 Siciliam
417 1583 598 1667 profectum
625 1585 780 1648 aPoenis
802 1595 836 1648 et
856 1585 1025 1666 Egestaeis
1054 1585 1175 1647 victum
1205 1586 1291 1648 diem
1320 1607 1507 1668 supremum

222 1691 226 1700 “
248 1690 374 1764 obiisse,
387 1690 603 1770 Euryleonem
616 1699 733 1766 autem,
746 1710 845 1753 unum
858 1711 901 1752 ex
913 1690 1006 1751 sociis
1019 1689 1163 1751 Minoam
1178 1709 1282 1770 prope
1296 1689 1505 1768 Selinuntem,

249 1815 331 1877 quae
353 1801 403 1857 est
422 1794 581 1856 Heraclea
604 1794 730 1869 Minoa,
759 1795 887 1858 venisse
909 1794 1017 1875 ibique
1039 1793 1275 1875 Pithagoreone
1298 1816 1374 1877 rege
1402 1797 1506 1860 eiecto

248 1903 354 1982 ipsum
384 1918 489 1961 rerum
522 1918 593 1960 esse
621 1900 769 1980 potitum.
814 1899 932 1973 Vides,
964 1908 997 1960 et
1026 1897 1214 1960 Pausaniam
1245 1911 1331 1963 recte
1360 1900 1506 1964 retulisse

248 2025 353 2086 neque
389 2003 482 2064 nimis
519 2001 597 2064 false
624 2002 814 2077 Diodorum,
847 2005 918 2084 qui,
957 2022 1031 2064 cum
1068 2021 1167 2082 quam
1203 2003 1389 2067 brevissime
1422 2006 1505 2070 hanc

247 2108 413 2171 historiam
436 2107 608 2188 complecti
630 2109 820 2181 studuisset,
844 2107 954 2170 Doriei
977 2100 1116 2170 mortem
1145 2127 1273 2170 narrare
1303 2109 1422 2172 oblitus
1444 2122 1503 2174 est.

248 2213 359 2294 Atque
382 2213 517 2293 adparet
537 2212 684 2274 Diodoro
708 2213 913 2274 Herodotum
935 2222 1066 2293 praesto
1089 2231 1154 2273 non
1176 2210 1273 2275 fuisse
1282 2213 1339 2296 ⁴⁷),
1364 2225 1405 2288 et,
1429 2216 1505 2278 licet

247 2320 332 2381 idem
355 2318 395 2380 de
415 2316 571 2378 Pausania
592 2314 756 2379 affirmare
779 2336 874 2378 nemo
897 2317 1023 2391 audeat,
1048 2319 1169 2399 quippe
1192 2319 1246 2398 qui
1266 2319 1426 2383 Herodoti
1451 2321 1503 2384 vel

247 2422 371 2487 dicendi
400 2421 664 2483 consuetudinem
691 2421 832 2483 imitatus
862 2421 917 2498 sit,
948 2431 1057 2484 tamen
1081 2443 1155 2486 eum
1177 2425 1315 2486 eundem
1338 2435 1505 2490 auctorem

246 2530 307 2592 hac
330 2528 370 2590 de
393 2546 426 2589 re
442 2526 631 2600 excussisse,
655 2545 752 2606 quem
769 2526 941 2602 Diodorus
965 2527 983 2590 i.
1001 2549 1027 2593 e.
1044 2528 1215 2590 Timaeum
1231 2532 1411 2594 necessario
1427 2531 1505 2594 mihi

246 2633 502 2698 concludendum
524 2651 608 2736 essq
616 2632 749 2694 videtur.

332 2771 425 2852 Quae
439 2792 514 2834 cum
529 2773 573 2834 ita
587 2789 621 2832 se
636 2767 785 2843 habeant,
810 2769 917 2849 capita
931 2770 1004 2832 inde
1019 2790 1038 2831 a
1055 2786 1091 2831 21
1112 2773 1132 2850 ξ
1149 2772 1178 2847 6,
1204 2789 1254 2848 22,
1275 2788 1314 2853 23
1332 2795 1349 2836 e
1366 2775 1503 2840 Timaeo

247 2886 401 2958 excerpta
424 2897 494 2938 esse
517 2894 575 2957 pro
598 2874 769 2954 explorato
791 2873 907 2947 habeo
933 2894 1037 2953 neque
1058 2883 1115 2949 est,
1140 2896 1196 2938 cur
1212 2878 1310 2939 etiam
1332 2880 1445 2960 capitis
1462 2897 1498 2942 21

248 2987 267 3064 ξ
294 2997 371 3061 1-5
396 2983 437 3044 ad
460 2980 597 3044 eundem
619 2989 766 3060 spectare
790 2977 904 3042 Ottoni
925 2978 1059 3042 Sieroka
1081 2999 1145 3042 non
1169 2983 1393 3047 concedamus.
1436 2984 1502 3048 Sed

246 3110 301 3166 ea,
331 3108 415 3168 quae
442 3105 469 3147 c.
494 3100 534 3160 24
563 3083 603 3145 de
626 3083 942 3165 Agyrioxleguntur,
973 3085 1154 3147 Diodorum
1185 3096 1299 3167 utpote
1328 3090 1368 3151 de
1398 3093 1502 3172 patria

246 3193 404 3256 addidisse
427 3190 467 3251 de
491 3209 550 3250 suo
572 3189 639 3251 veri
660 3190 787 3252 videtur
808 3190 893 3252 haud
916 3189 1077 3264 dissimile,
1101 3192 1289 3272 praesertim
1311 3215 1384 3258 cum
1404 3216 1422 3257 e
1446 3198 1503 3275 §6

161 3347 162 3352 ,
245 3295 415 3360 concludat
445 3292 613 3374 quispiam,
645 3291 786 3356 fabulam
809 3293 896 3356 illam
918 3294 959 3356 de
982 3294 1121 3357 Hercule
1150 3297 1255 3376 primo
1278 3296 1395 3380 Agyrii
1417 3301 1500 3364 divis

246 3399 421 3463 honoribus
451 3398 538 3460 culto
568 3397 678 3462 fictam
701 3419 786 3474 esse,
819 3406 853 3460 ut
881 3418 1000 3461 nomen
1022 3399 1170 3461 Herculis
1199 3410 1314 3481 portae
1342 3411 1375 3465 et
1404 3406 1501 3467 annui

245 3504 311 3566 ludi
332 3503 577 3585 explicarentur.
618 3504 653 3566 A
674 3503 778 3584 capite
800 3512 910 3565 autern
933 3520 951 3564 2
956 3517 990 3581 5,
1019 3505 1104 3565 unde
1127 3504 1330 3568 undecimum
1352 3508 1501 3572 Herculis

243 3608 389 3670 laborem
419 3608 530 3682 refert,
562 3608 743 3670 Diodorum
773 3627 808 3670 se
837 3607 879 3669 ad
903 3607 1001 3669 alium
1024 3617 1189 3670 auctorem
1209 3612 1342 3673 vertisse
1365 3614 1501 3695 adparet

243 3723 276 3777 et
298 3712 442 3792 agnitum
466 3720 515 3774 est
537 3720 572 3773 ut
595 3711 637 3773 ab
660 3709 782 3774 Ottone
802 3711 936 3775 Sieroka
957 3714 1000 3794 (p.
1018 3714 1070 3792 24)
1093 3714 1136 3774 ita
1159 3713 1200 3775 ab
1216 3714 1358 3779 Holzero
1374 3721 1418 3801 (p.
1436 3721 1497 3802 20).

242 3817 454 3898 Quaerendus
476 3836 554 3878 vero
577 3824 626 3877 est
648 3826 754 3878 certus
777 3819 947 3891 terminus,
979 3818 1033 3896 qui
1061 3817 1183 3878 initium
1207 3817 1331 3882 Timaei
1353 3826 1500 3906 excerpti

243 3921 409 4005 significat.
464 3921 577 4000 Atque
614 3921 753 4001 primum
788 3921 1026 3984 excludendum
1057 3931 1106 3984 est
1139 3932 1236 4003 caput
1265 3941 1321 4001 20,
1360 3930 1447 4010 quod
1481 3950 1499 3992 e

238 4115 448 4125 -.—-—-—

324 4235 360 4304 ⁴⁷)
387 4237 508 4296 Accedit,
536 4237 606 4300 quod
625 4237 771 4287 Herodotus
795 4239 884 4304 oppidi
911 4255 1004 4289 nomen
1028 4241 1111 4289 solum
1129 4240 1245 4290 Minoam
1267 4241 1317 4291 hoc
1342 4242 1399 4292 loco
1424 4241 1495 4302 dicit,

238 4327 367 4376 Diodorus
385 4334 469 4376 autem
487 4326 646 4377 Heracleam.
