3480 5030
789 1473 962 1546 CAPUT
998 1476 1011 1546 Ι

488 1677 550 1766 ΒΕ
584 1677 808 1769 olonvsto
841 1674 1287 1770 scvrossnncnlone

349 2104 548 2213 Quicunque
571 2135 707 2197 Diodori
730 2134 1002 2216 mythographica
1024 2135 1189 2208 tractavit,
1223 2132 1344 2194 initium
1367 2132 1452 2212 cepit
1475 2153 1517 2194 ex

260 2239 430 2320 Dionysi0,
454 2239 541 2301 cuius
564 2241 604 2302 de
620 2239 841 2303 Amazonibus
858 2241 925 2324 (ΙΙΙ.
945 2255 992 2320 52.
1014 2241 1044 2323 3)
1068 2250 1100 2302 et
1123 2241 1163 2302 de
1183 2236 1312 2300 Baccho
1330 2236 1397 2318 (Ill.
1414 2237 1464 2300 66.
1481 2239 1516 2322 6)

258 2345 379 2426 scripta
402 2365 436 2407 se
459 2345 659 2426 excerpsisse
689 2345 741 2407 ille
770 2347 839 2426 ipse
862 2345 994 2419 fatetur,
1027 2347 1115 2408 cuius
1138 2343 1359 2425 Argonautica
1380 2343 1516 2405 Diodori

259 2450 434 2511 earundem
473 2448 652 2512 fabularum
690 2451 861 2512 narrationi
898 2447 1029 2513 subesse
1067 2449 1188 2512 scholia
1216 2447 1372 2530 Apolloni
1409 2448 1516 2512 Rhodi

260 2563 427 2616 testantur.

345 2659 459 2750 Neque
483 2680 541 2721 nos
564 2659 646 2722 hanc
669 2663 754 2722 viam
776 2670 879 2723 terere
903 2681 966 2723 non
985 2640 1170 2742 possumus.

345 2766 531 2848 Antequam
561 2775 668 2829 autern
698 2769 831 2848 propius
853 2768 894 2829 ad
917 2767 1118 2848 propositum
1140 2765 1347 2838 accedamus,
1378 2783 1511 2826 necesse

258 2881 318 2947 est,
343 2873 520 2934 accuratius
545 2873 587 2934 de
609 2872 663 2934 illo
685 2873 844 2952 Dionysio
868 2893 1069 2952 quaeramus.

306 2975 311 2984 '
345 2975 457 3056 Atque
473 2979 526 3058 qui
544 2977 666 3059 primus
682 2979 722 3040 de
736 2979 871 3040 Diodori
888 2977 1027 3064 fontibus
1042 2979 1117 3059 egit,
1136 2975 1333 3038 Christianus
1345 2972 1384 3036 G.
1396 2973 1513 3052 Heyne

259 3082 452 3162 Dionysium
476 3092 510 3143 ut
532 3085 663 3144 doctum
685 3086 931 3163 grammaticum
954 3082 1123 3165 collegisse
1146 3079 1378 3162 pronuntiavit,
1413 3098 1513 3158 »quae

258 3207 279 3247 a
301 3187 406 3267 poetis
436 3207 491 3249 seu
523 3188 660 3267 antiquis
688 3189 893 3269 scriptoribus
915 3198 1022 3252 essent
1052 3196 1192 3274 narrata,
1225 3184 1374 3266 improbo
1403 3193 1512 3246 tamen

260 3293 367 3355 studio
384 3295 414 3355 in
429 3292 500 3368 hoc,
525 3293 612 3372 quod
635 3292 759 3356 fabulas
782 3296 823 3356 ad
845 3295 1048 3358 historiarum
1070 3293 1207 3356 formam
1224 3311 1384 3361 revocare,
1407 3311 1512 3352 rerum

259 3420 335 3462 vere
357 3409 520 3481 gestarum
545 3400 684 3480 speciem
708 3400 744 3462 iis
768 3401 897 3462 induere
920 3400 1115 3480 mythosque
1138 3398 1301 3480 scriptoris
1323 3397 1511 3479 pragmatici

259 3526 350 3567 more
370 3513 508 3568 tractare
530 3507 732 3594 instituisset«
746 3507 784 3588 1).

344 3612 435 3674 Haec
463 3614 503 3675 de
523 3613 682 3693 Dionysio
712 3613 868 3676 sententia
897 3613 984 3694 viget
1020 3621 1053 3674 et
1091 3610 1182 3672 floret
1220 3627 1321 3688 usque
1353 3609 1394 3670 ad
1428 3605 1511 3668 hunc

257 3718 343 3779 diem
353 3718 387 3798 2).
433 3717 544 3797 Atque
582 3738 624 3778 ex
658 3739 696 3780 ea
731 3737 921 3798 progressus
948 3718 1117 3780 Eduardus
1148 3715 1310 3777 Schwartz
1342 3712 1373 3774 in
1401 3713 1511 3775 disser-

257 3824 396 3897 tatione,
429 3843 526 3904 quam
550 3823 675 3904 scripsit
696 3825 737 3886 de
760 3823 919 3902 Dionysio
942 3821 1216 3903 Scytobrachione
1241 3819 1383 3902 (Bonnae
1410 3819 1510 3898 1880),

343 4061 364 4128 1)
391 4064 440 4114 »de
456 4064 569 4113 fontibus
583 4043 701 4114 historiae
713 4063 845 4123 Diodori«,
866 4062 981 4113 editionis
992 4062 1101 4111 Diodori
1113 4078 1128 4111 a
1139 4060 1272 4111 Ludovico
1284 4059 1398 4108 Dindori
1412 4066 1512 4108 curatae

257 4161 317 4202 ante
335 4153 426 4202 librum
446 4154 459 4201 Ι
477 4169 502 4217 p.
524 4153 672 4202 LXXXIX.

342 4237 364 4306 ²)
387 4243 418 4293 cf.
432 4241 549 4291 Sieroka:
577 4241 625 4291 Die
643 4240 899 4306 mythographischen
914 4240 1023 4302 Quellen
1041 4239 1080 4288 fiir
1097 4239 1208 4290 Diodors
1226 4251 1250 4301 3.
1264 4249 1325 4304 u.14.
1338 4236 1418 4294 Buch,
1439 4236 1510 4298 Lyclr

258 4331 337 4392 1878;
360 4331 443 4380 Carol.
456 4329 620 4379 Mullenhoff:
641 4330 768 4386 Deutsche¹
782 4327 1007 4401 Altertumskunde
1023 4328 1035 4375 l
1055 4344 1080 4392 p.
1092 4338 1155 4391 4453
1177 4326 1262 4377 Udalr.
1278 4324 1310 4374 de
1323 4324 1506 4372 Wilamowitz:

257 4421 364 4469 Hermes
381 4421 431 4468 XV
449 4437 474 4484 p.
493 4419 541 4483 485
561 4436 586 4468 n.
605 4431 629 4481 2,
652 4419 816 4469 Homerische
834 4405 1060 4480 Untersuchungen
1078 4433 1103 4480 p.
1121 4416 1168 4479 361
1190 4424 1236 4465 etc.
