3480 5030
745 419 939 478 -3-

214 606 328 666 omnes
351 596 470 660 terras,
501 594 677 666 postquam
708 585 838 666 oraculo
868 587 910 650 ab
933 586 1099 650 Ammone
1128 597 1221 670 patre
1243 590 1345 669 petito
1369 599 1401 652 et
1423 610 1472 654 ac·

215 701 312 773 cepto
336 692 373 775 (c.
399 709 448 772 73.
474 693 505 770 3)
528 692 666 772 primum
689 691 836 773 Aegypti
866 713 916 755 res
946 693 1080 755 instituit
1104 694 1142 774 (c.
1167 707 1217 774 73.
1241 696 1289 774 4),
1320 695 1401 757 sicut
1430 695 1472 757 ab

215 797 379 859 Ammone
402 806 493 878 patre
516 797 718 878 proedictum
740 805 790 859 est
805 797 1005 873 Alexandr0,
1031 799 1084 879 qui
1100 807 1169 861 turn
1186 798 1281 860 rebus
1297 799 1472 880 Aegyptiis

214 903 295 965 bene
325 903 476 964 institutis
505 902 745 982 expeditionem
768 902 842 964 iecit
864 903 976 966 orbem
1000 914 1155 966 terrarum
1178 913 1421 985 expugnaturus
1429 906 1471 987 ὅ);

214 1009 293 1070 deus
315 1016 429 1088 captos
451 1007 584 1069 Titanes
606 1007 699 1069 venia
721 1008 797 1069 data
819 1008 1011 1091 interrogat,
1039 1018 1145 1071 utrum
1168 1009 1255 1072 abire
1279 1010 1406 1083 malint,
1431 1029 1472 1072 an

213 1115 244 1174 in
266 1134 359 1204 suum
383 1113 560 1175 exercitum
584 1113 681 1194 recipi
706 1113 743 1194 (c.
767 1129 817 1193 71.
845 1117 890 1194 5),
921 1115 1002 1178 sicut
1024 1116 1127 1178 victor
1149 1115 1340 1196 imperator,
1364 1115 1419 1194 qui
1441 1115 1471 1176 in
1505 1099 1507 1106 Α

214 1219 325 1281 mediis
347 1218 494 1281 hostibus
517 1238 652 1299 parvum
675 1227 708 1280 et
730 1218 930 1283 debilitatum
953 1221 1130 1283 exercitum
1161 1239 1278 1302 augere
1308 1228 1341 1281 et
1371 1241 1472 1282 novas

168 1357 171 1360 ·
213 1325 323 1406 copias
354 1323 405 1386 vel
436 1345 479 1387 ex
509 1323 655 1387 hostibus
688 1323 747 1386 sibi
776 1345 890 1406 parare
918 1319 1042 1402 studet;
1077 1326 1156 1388 deus
1190 1345 1233 1387 ex
1264 1325 1370 1400 India,
1406 1344 1471 1404 quo

135 1892 174 2244 i

213 1429 348 1510 pedibus
370 1429 478 1505 iverat,
501 1431 580 1493 mari
604 1429 684 1492 redit
703 1431 740 1512 (e.
756 1445 806 1510 73.
825 1432 874 1513 7),
899 1433 980 1495 sicut
996 1431 1184 1495 Alexander
1198 1438 1323 1511 partem
1341 1431 1470 1510 quidem

213 1537 372 1599 exercitus
402 1536 552 1599 Nearcho
582 1538 663 1599 duce
693 1557 737 1599 ex
766 1537 855 1598 India
886 1538 1019 1601 navibus
1049 1557 1107 1618 per
1137 1556 1225 1598 mare
1254 1535 1476 1616 Erythraeum

215 1641 343 1704 remisit.
389 1625 597 1723 Quamquam
626 1641 721 1723 igitur
744 1643 978 1707 recentissimas
1001 1664 1071 1706 esse
1094 1642 1152 1704 has
1175 1640 1377 1704 ariolationes
1400 1640 1471 1704 luce

213 1758 263 1810 est
284 1747 407 1822 clarius,
432 1757 541 1810 tamen
562 1747 726 1840 Diodorus
748 1748 803 1810 ΙΙΙ.
827 1749 877 1810 66.
901 1767 922 1826 4
943 1749 1099 1824 affirmat,
1123 1768 1187 1810 non
1211 1734 1309 1809 modo
1329 1747 1469 1826 Libyum

198 1858 268 1916 'eas
291 1873 362 1916 esse
385 1851 524 1928 fabulas,
556 1853 609 1932 qui
640 1854 730 1916 iuxta
753 1851 922 1916 Oceanum
949 1854 1110 1926 habitent,
1141 1853 1317 1916 sedetiam
1341 1852 1470 1933 probari
1579 1840 1581 1846 ¹

214 1958 321 2021 multis
345 1957 412 2020 aliis
435 1958 634 2030 testimoniis,
662 1959 753 2040 »πρὸς
776 1957 809 2018 δὲ
832 1960 948 2031 τούτοις
968 1959 1014 2019 ὅτι
1038 1959 1139 2020 πολλοὶ
1163 1967 1224 2018 τῶν
1238 1961 1376 2017 παλαιῶν
1392 1953 1467 2040 παρ’

210 2059 333 2146 Ἕλλησι
358 2063 568 2146 μυθογράφων
594 2064 642 2124 καὶ
670 2073 801 2149 πογητῶν
826 2065 975 2148 σύμφωνα
1004 2065 1122 2136 τούτοις
1152 2061 1303 2145 ἱστοροῦσι
1329 2063 1379 2122 καὶ
1409 2071 1470 2123 τῶν

212 2168 469 2252 μεταγενεστέρων
490 2167 685 2252 συγγραφέων
707 2173 760 2230 οὐκ
783 2171 906 2252 ὀλίγοκ<.
952 2171 1063 2250 Atque
1079 2170 1194 2252 pergit,
1220 2189 1300 2242 sese,
1325 2189 1364 2231 ne
1383 2168 1470 2247 quid·

215 2297 311 2359 quarn
328 2278 369 2338 de
384 2275 516 2338 Baccho
534 2276 777 2356 praetermittat,
802 2275 941 2338 breviter
957 2276 1129 2338 relaturum
1146 2295 1226 2350 esse,
1251 2293 1334 2355 quae
1348 2273 1470 2354 Libyes

214 2389 341 2466 narrent
371 2390 403 2444 et
432 2381 538 2462 graeci
569 2365 741 2462 scriptores
770 2403 843 2444 cunr
874 2381 933 2444 illis
965 2381 1201 2444 consentientes
1222 2389 1256 2442 et
1278 2380 1469 2460 Dionysius;

151 2557 153 2560 ¹
214 2509 287 2550 eum
320 2487 404 2549 enim
438 2488 477 2549 de
508 2487 637 2551 Baccho
668 2487 852 2550 disseruisse
887 2489 968 2549 sicut
1002 2489 1043 2548 de
1077 2486 1184 2548 multis
1218 2485 1286 2547 aliis
1319 2484 1470 2547 historiae

214 2593 363 2656 fabularis
394 2593 537 2674 partibus
572 2592 823 2675 »(παρατιθέντα)
846 2592 884 2653 τὰ
915 2593 1069 2672 ποιήματα
1098 2600 1160 2652 τῶν
1188 2591 1322 2673 ἀρχαίων
1350 2599 1411 2650 τῶν
1439 2612 1470 2650 τε

212 2697 395 2780 μυθολόγων
417 2699 465 2758 καὶ
490 2707 550 2759 τῶν
572 2708 734 2778 nocitor«.
778 2698 920 2761 Dubium
943 2700 1038 2779 igitur
1060 2717 1131 2758 esse
1154 2716 1219 2757 non
1241 2702 1365 2776 potest,
1394 2695 1470 2774 quin

214 2805 376 2867 Diodorus
410 2825 452 2866 ex
486 2804 549 2866 hoc
583 2797 865 2882 Scytobrachionis
898 2805 979 2866 libro
1012 2803 1174 2877 didicerit,
1213 2820 1284 2863 esse
1320 2800 1469 2880 antiquos

214 2920 328 2991 poetas
361 2920 394 2973 et
424 2909 699 2991 mythographos,
734 2912 787 2990 qui
821 2931 894 2972 curn
924 2907 1066 2990 Libyum
1098 2907 1213 2970 sabulis
1244 2906 1468 2976 consentirent,

212 3025 309 3096 atque
327 3019 506 3078 necessario
522 3014 752 3090 concludimus
775 3017 969 3096 Dionysium
992 3014 1160 3094 adscriptis
1175 3022 1320 3076 veterum
1343 3011 1469 3073 illorum

124 3149 134 3160 ’
213 3123 342 3185 testium
364 3123 545 3184 nominibus
568 3139 713 3183 narrasse
736 3141 774 3183 ea
797 3141 880 3201 quae
901 3121 1025 3202 Libyes
1047 3120 1087 3181 de
1111 3117 1240 3180 Baccho
1262 3117 1469 3180 tradiderunt.

215 3228 261 3290 At
298 3227 394 3308 quid?
439 3227 668 3308 CognovimuS,
707 3225 830 3289 fabulas
867 3225 1107 3307 illas—Libycas
1144 3225 1184 3286 de
1217 3223 1353 3296 Libero,
1390 3243 1470 3314 quas

213 3334 375 3396 Diodorus
399 3344 443 3397 'se
476 3354 518 3394 ex
549 3331 827 3413 Scytobrachione
863 3333 1070 3413 descripsisse
1107 3331 1175 3411 ipse
1212 3338 1363 3401 testatur,
1401 3349 1470 3391 esse

213 3441 455 3502 recentissimas.
506 3439 619 3518 Itaque
653 3437 707 3500 e'as
740 3438 946 3520 comprobari
978 3435 1167 3500 testimoniis
1199 3439 1336 3500 παλαιῶν
1367 3437 1470 3512 μυθο-

213 3545 337 3628 γράφων
368 3547 418 3607 καὶ
447 3553 599 3626 ποιητῶν
617 3545 686 3626 quis
720 3552 769 3606 est
802 3545 854 3625 qui
889 3541 1018 3605 credat?
1063 3539 1143 3621 Quis
1176 3550 1224 3602 est
1255 3541 1330 3619 quin
1361 3533 1487 3602 statim

212 3664 333 3715 temere
372 3654 540 3714 mentitum
577 3671 646 3713 esse
683 3650 875 3731 Dionysium
914 3646 1109 3730 perspiciat?
1168 3646 1216 3708 At
1253 3646 1470 3708 abstineamus

213 3757 393 3821 calumniis!
446 3740 545 3820 Nam¹
564 3773 678 3819 revera
716 3755 950 3836 Scytobrachio
988 3754 1107 3816 invenit
1141 3760 1344 3833 pervetustos
1374 3749 1470 3830 Liby·

213 3885 322 3928 carum
359 3863 537 3927 fabularum
575 3853 674 3926 testes
711 3871 743 3924 et
780 3862 866 3943 omni
899 3861 1103 3922 veneratione
1138 3857 1262 3938 dignos.
1321 3855 1470 3932 Perlegas

213 3972 298 4032 enim
322 3991 348 4034 c.
372 3971 423 4052 67,
456 3971 543 4052 quod
573 3969 681 4032 statim
705 3969 856 4048 sequitur.
902 3965 1012 4028 Verba
1034 3973 1107 4050 sunt
1129 3962 1223 4024 haec:
1268 3961 1369 4040 »Φησὶ
1392 3959 1469 4040 (scil.

214 4077 388 4156 Dionysius
405 4061 502 4144 modo
519 4077 675 4156 laudatus)
693 4074 792 4134 τοίνυν
813 4063 886 4154 παρ’
909 4065 1030 4150 Ἕλλησι
1052 4077 1170 4150 πρῶτον
1192 4067 1314 4148 εὑρετὴν
1327 4065 1469 4147 γενέσθαι

214 4182 316 4243 Λίνον
338 4179 467 4265 ῥυθμῶν
489 4183 537 4242 καὶ
560 4181 683 4260 μέλους,
715 4177 758 4240 ἔτι
788 4177 820 4238 δὲ
845 4177 977 4255 Κάδμου
1007 4175 1185 4253 κομίσαντος
1208 4172 1239 4232 ἐκ
1267 4171 1410 4249 Φοινίκης
1431 4169 1470 4228 τὰ

294 4325 419 4332 ..α-.-

300 4409 323 4476 ⁵)
351 4411 383 4461 cf.
404 4428 443 4460 ex.
464 4427 501 4476 gr.
523 4410 631 4460 Diodori
649 4411 735 4460 XVII.
756 4421 795 4472 52.
