3438 5028
759 373 972 434 ..85-

324 531 328 539 ⁵
379 541 621 615 Eurip.*Phoeniss.
846 544 1013 606 Diodor.65.
1037 556 1064 592 1:
1203 544 1265 593 bibl.
1285 561 1311 608 p.
1331 545 1400 608 931.
1422 559 1448 596 1:

235 649 238 656 ’
305 627 429 692 καθέζετ’
447 627 543 702 ἀρχῆς,
561 625 743 702 σιἰμεθίοτα-
786 632 900 699 πρῶτον
941 626 1033 701 ἄρξαι,
1078 633 1124 683 καὶ
1160 635 1244 693 ξαντα
1273 625 1312 702 μὴ
1342 627 1498 700 βούλεσθαι

343 737 390 771 ται
408 716 528 788 θρόνων,
787 715 950 780 διελθόντος
980 722 1031 772 τοῦ
1054 715 1125 792 χρό-
1160 721 1337 791 παραδοῦναι
1356 719 1406 788 τὴν
1418 729 1497 789 βασι-

307 805 425 879 φυγάδα
459 805 492 860 δῖ
527 805 641 868 ἀπωθεῖ
662 810 743 876 τῆςδε
787 828 839 861 νον
885 804 924 878 μὴ
972 806 1124 875 βούλεσθαι
1159 810 1247 862 λείαν.

341 897 516 970 Πολυνείκην
533 894 648 965 χθονός.
788 891 978 968 παραδιδόναι
988 894 1040 951 τόν
1048 905 1124 962 βασι-

790 988 878 1038 λείαν.

300 1087 413 1167 Itaque
444 1107 508 1149 non
530 1096 653 1149 temere
680 1087 755 1149 mihi
778 1088 889 1149 videor
911 1108 1048 1166 negare,
1080 1087 1261 1149 Diodorum
1284 1088 1381 1149 etiam
1405 1087 1499 1150 Oedi-

236 1193 330 1275 podis
353 1191 495 1255 fabulam
518 1213 561 1254 ex
577 1193 693 1254 eodem
709 1194 904 1274 compendio
920 1193 1127 1274 Apollodoro
1143 1193 1327 1274 propinquo
1344 1193 1497 1267 hausisse,

237 1299 289 1362 cui
312 1298 389 1360 belli
414 1296 561 1359 Thebani
584 1297 800 1359 narrationem
822 1298 988 1378 multaque
1007 1299 1069 1360 alia
1092 1298 1198 1360 debet.
1232 1297 1373 1358 Necesse
1394 1307 1502 1360 autem

238 1412 287 1465 est
310 1404 521 1484 accipiamus,
552 1402 634 1464 illius
656 1411 821 1464 auctorem
844 1403 1005 1484 Euripidis
1028 1403 1163 1484 vestigia
1186 1423 1295 1482 presse
1320 1423 1391 1466 esse
1414 1425 1501 1466 secu-

237 1517 323 1582 tum,
355 1528 553 1589 quamquam
582 1507 939 1576 Eduardusgschwarrz
962 1498 1117 1585 affirmat,
1149 1509 1282 1588 cogitari
1305 1529 1370 1570 non
1392 1530 1500 1590 posse,

239 1614 373 1675 doctum
395 1613 642 1694 grammaticum
666 1614 771 1694 primo
796 1635 824 1676 a.
849 1613 923 1676 Chr.
948 1635 978 1676 n.
1001 1613 1130 1675 saeculo
1152 1613 1312 1694 Euripidis
1334 1634 1446 1676 versus
1470 1615 1502 1675 in

239 1720 426 1801 pedestrem
447 1738 630 1780 sermonem
654 1719 857 1780 convertisse.

325 1823 476 1886 Similiter
497 1843 598 1886 resse
620 1822 720 1886 habet
742 1823 773 1884 in
800 1823 973 1905 Hippolyti
997 1822 1104 1885 fabula
1126 1844 1145 1884 a
1168 1823 1315 1885 Diodoro
1339 1845 1365 1885 c.
1383 1824 1423 1886 62
1441 1835 1501 1886 tra-

240 1930 316 1994 dita.
348 1929 433 1991 Nam
456 1929 538 1990 sicut
554 1929 585 1990 in
602 1926 781 2010 Oedipodis
796 1929 891 1990 rebus
907 1930 1070 1990 narrandis
1085 1928 1332 1991 Phoenissarum
1351 1948 1501 1991 versuum

239 2043 352 2117 aperta
381 2033 516 2114 vestigia
550 2031 709 2114 leguntur,
740 2033 932 2115 Euripideae
963 2034 1136 2115 Hippolyti
1169 2054 1280 2096 versus
1310 2050 1435 2112 24-32
1469 2035 1502 2095 in

240 2140 376 2203 Diodori
405 2137 511 2200 verbis
539 2159 565 2200 c.
589 2139 629 2199 62
654 2141 674 2218 ξ
697 2155 715 2200 2
740 2159 836 2201 nemo
860 2140 970 2218 nequit
990 2159 1178 2229 agnoscere,
1221 2139 1379 2200 Attamen
1404 2141 1501 2201 mani-

241 2245 359 2309 festum
382 2253 447 2319 est,
478 2243 659 2306 Diodorum
690 2265 755 2306 non
778 2241 882 2324 ipsuni
907 2264 950 2305 ex
979 2243 1162 2326 Hippolyto
1193 2243 1372 2306 coronifero
1396 2265 1502 2307 raram

242 2352 328 2413 illam
362 2350 499 2411 Veneris
532 2349 654 2430 templi,
692 2351 780 2430 quod
813 2339 855 2431 ἐφ’
891 2347 1060 2432 Ἱππολύτῳ
1089 2351 1193 2423 audit,
1225 2351 1421 2412 mentionem
1446 2352 1501 2411 de·
1604 2415 1608 2426 4

242 2457 427 2539 sumpsisse,
450 2475 524 2516 cum
540 2455 570 2514 in
594 2452 701 2516 fabula
718 2457 895 2516 enarranda
917 2455 1011 2516 valde
1035 2456 1076 2516 ab
1098 2455 1259 2536 Euripidis
1278 2454 1359 2516 illius
1376 2464 1502 2534 tragoe-

242 2564 313 2625 diae
336 2569 527 2643 argumento
551 2560 796 2639 abhorrear106).
1373 2565 1378 2572 “

329 2666 518 2747 Quaecum
541 2666 585 2727 ita
608 2665 685 2743 sint,
718 2686 776 2726 nos
807 2675 892 2728 recte
919 2665 1113 2725 conclusisse
1144 2666 1288 2738 confid0,
1320 2665 1502 2727 Diodorum

243 2775 284 2836 ad
307 2773 423 2835 librum
445 2771 493 2833 IV
516 2768 778 2850 componendum
800 2778 927 2848 praeter
950 2768 1159 2848 Dionysium,
1191 2772 1370 2843 Timaeum,
1395 2770 1502 2831 Matri-

245 2881 320 2942 dem
344 2878 453 2960 paucis
483 2876 583 2938 modo
614 2874 755 2954 demptis
783 2872 864 2935 libro
896 2875 1037 2953 quodam
1061 2874 1194 2938 fabulari
1217 2875 1423 2956 Apollodoro
1447 2877 1502 2936 im-

244 2985 355 3066 primis
388 2983 572 3064 propinquo
603 2999 696 3040 usum
738 2977 862 3041 fabulas
904 2978 1044 3040 Graecas
1074 2990 1172 3061 atque
1205 2981 1340 3042 heroum
1383 3000 1503 3060 genera

244 3089 459 3170 descripsisse.

330 3193 399 3256 Iam
422 3214 499 3255 vero
523 3192 615 3254 nobis
638 3191 800 3271 agendum
823 3199 872 3250 est
895 3190 934 3250 de
951 3190 1324 3273 adnotationibusquas
1339 3191 1503 3253 Diodorus

244 3299 284 3360 de
308 3297 572 3376 Argonautarum
605 3291 720 3354 fabulis
753 3290 891 3370 Dionysi
921 3291 1083 3371 epitomae
1114 3293 1243 3355 inseruit
1272 3302 1305 3355 et
1328 3314 1407 3374 quas
1429 3313 1503 3354 curn

333 3465 381 3531 106)
401 3466 498 3516 Eadem
511 3481 549 3513 res
564 3472 600 3512 est
619 3464 643 3511 in
657 3462 736 3512 schol.
751 3463 765 3511 λ
780 3475 839 3526 321.
877 3462 970 3510 Attulit
981 3462 1051 3510 locos
1069 3463 1095 3510 in
1114 3463 1208 3511 scholis
1228 3463 1315 3514 Udalr.
1334 3464 1365 3510 de
1380 3464 1503 3512 Wilamo-

187 3561 189 3564 ’
243 3558 309 3615 witz,
333 3559 376 3620 qui
396 3552 544 3605 defenderet
559 3550 696 3616 Hippolyti
708 3551 766 3598 illos
789 3565 882 3601 versus
917 3551 1024 3599 Diodori
1042 3551 1127 3599 locum
1149 3559 1174 3599 et
1192 3551 1342 3600 scholiumi
1366 3564 1413 3614 321
1434 3553 1504 3601 iuxta

244 3645 373 3710 Euripidis
391 3659 476 3694 versus
495 3643 564 3690 Max.
582 3641 736 3698 Wellmann,
766 3640 809 3703 qui
833 3646 900 3687 recte
927 3639 1056 3702 quomodo
1080 3655 1117 3687 res
1142 3656 1168 3688 se
1191 3639 1295 3688 haberet
1319 3641 1440 3703 cognovit
1462 3639 1505 3704 (de

245 3731 320 3798 istro)
339 3750 365 3798 p.
385 3732 416 3796 85
436 3749 473 3796 sq.
492 3733 538 3780 sub
557 3738 626 3780 textu
644 3729 783 3792 descripsit.
820 3729 937 3776 Ceterum
957 3727 1032 3774 etiam
1050 3728 1119 3792 apud
1137 3728 1286 3776 Pausaniam
1307 3728 1329 3777 l.
1351 3741 1392 3778 22.
1413 3742 1437 3788 2,
1460 3731 1504 3794 qui

245 3837 271 3871 se
290 3822 470 3870 Trozeniorum
490 3820 601 3868 fabulam
630 3818 719 3866 referre
747 3816 868 3872 affirmat,
899 3807 1033 3878 vestigium
1059 3815 1145 3880 Eurip.
1165 3817 1247 3880 Hipp.
1270 3808 1388 3865 versuum
1415 3819 1505 3867 elucet.

244 3911 311 3959 Nam
331 3910 401 3976 qnod
419 3909 493 3958 dicit:
517 3903 621 3978 »χρόνῳ
641 3905 672 3958 δὲ
694 3903 808 3975 ὕστερον
827 3901 938 3961 Πάλλας
958 3907 1004 3955 καὶ
1023 3907 1053 3954 οἱ
1071 3905 1172 3963 παῖδες
1196 3902 1388 3970 ἐπανέστησαν
1414 3908 1504 3970 Θησεῖ.

244 3993 363 4057 τούτους
381 4002 489 4056 κτείνας
509 3996 535 4053 ἐς
557 3995 679 4064 Τροζῆνα
699 3994 809 4065 ἔρχεται
828 3997 989 4062 καθαρσίων
1007 3992 1102 4045 trena«
1123 4001 1207 4058 aperte
1220 4010 1250 4042 ex
1268 3994 1349 4059 Hipp.
1363 4012 1387 4043 v.
1402 3999 1436 4056 3'4
1449 4010 1504 4058 sqq.

243 4095 326 4138 ortum
345 4093 395 4136 est:

529 4171 606 4225 »ἐπεὶ
624 4170 656 4224 δὲ
677 4169 781 4237 Θησεὺς
799 4173 961 4238 Κεκροπίαν
982 4171 1071 4222 λείπει
1086 4164 1189 4239 χθόνα,

519 4265 630 4331 μίασμα
652 4259 768 4331 φεύγων
786 4263 906 4330 αἵματος
923 4259 1134 4325 Παλλαντιδιῦν,

523 4353 567 4403 καὶ
587 4345 670 4416 τὴνδε
690 4347 743 4401 σὺν
764 4343 887 4418 δάμαρτι
909 4351 1057 4401 ναοστολεῐ
1072 4344 1191 4413 ydriam«
