3438 5028
692 426 905 487 ..61...

255 593 323 655 Iam
338 594 380 655 ad
402 591 598 676 παρέκβασιν,
619 614 715 675 quam
732 605 828 658 vocat
843 594 1014 668 Diodorus,
1033 595 1145 676 capitis
1161 610 1202 673 34
1216 603 1427 668 transeamus,

173 698 234 773 ubi,
257 699 408 762 Deianira
429 698 471 761 ab
494 697 634 763 Hercule
664 700 695 762 in
717 700 955 762 matrimonium
976 699 1073 761 ducta
1096 707 1361 771 commemorata,
1384 699 1428 760 de

173 802 337 885 Meleagro
367 824 402 866 se
432 804 591 867 dicturum
621 824 692 868 esse
719 805 886 886 promittit.
932 802 998 866 Sed
1020 824 1085 867 non
1107 804 1213 866 solum
1235 804 1276 866 de
1299 823 1348 878 eo,
1373 802 1428 882 qui

173 909 252 972 sicut
272 908 424 972 Deianira
447 929 490 972 ex
513 907 627 972 Oeneo
656 918 689 972 et
710 909 854 974 Althaea
882 918 975 972 natus
1005 918 1063 984 est,
1092 909 1226 982 disserit,
1258 908 1316 969 sed
1338 907 1429 970 addit

173 1015 276 1095 capite
300 1031 317 1093 3
323 1029 349 1093 5,
375 1013 523 1078 Oeneum
550 1023 666 1095 postea
693 1014 890 1090 Periboeam,
923 1015 1054 1077 missam
1085 1013 1127 1076 ab
1150 1013 1327 1094 Hipponoo
1351 1011 1427 1074 Ole-

172 1120 223 1182 nio
253 1139 271 1182 e
301 1119 406 1182 Marte
436 1120 620 1200 gravidam,
655 1120 763 1181 uxoris
793 1120 866 1183 loco
896 1121 1059 1200 accepisse
1088 1129 1121 1182 et
1147 1119 1300 1200 Tydeum
1328 1117 1428 1180 filium

172 1244 367 1305 procreasse.
414 1223 479 1286 Cur
500 1225 563 1287 hoc
583 1209 724 1287 addidit?
767 1225 925 1288 Nimirum
947 1225 1022 1304 quia
1044 1225 1075 1286 in
1105 1223 1193 1286 fonte
1216 1223 1343 1297 invenit,
1374 1222 1429 1302 qui

172 1338 276 1392 totum
300 1327 404 1391 Oenei
433 1349 535 1409 genus
564 1328 750 1392 inlustravit.
795 1330 942 1393 Eandem
970 1337 1078 1392 autem
1102 1329 1257 1408 Meleagri
1287 1326 1428 1389 fabulam

172 1433 251 1512 legis
281 1434 313 1496 in
343 1432 538 1496 bibliotheca
568 1454 600 1514 p.
629 1433 707 1496 181.
734 1450 753 1495 2
776 1471 819 1480 -
841 1456 872 1516 p.
900 1450 938 1514 19
960 1435 979 1498 l.
1008 1449 1053 1507 10,
1080 1453 1162 1513 quae
1192 1431 1319 1494 duobus
1349 1430 1431 1494 locis

172 1539 348 1621 paullulum
371 1559 391 1600 a
404 1537 539 1601 Diodori
563 1539 743 1601 narratione
766 1539 908 1613 discedit,
932 1549 964 1601 et
987 1540 1018 1600 in
1038 1538 1160 1619 Hygini
1184 1536 1298 1600 fabulis
1326 1552 1428 1617 171-

175 1660 250 1726 174,
288 1665 370 1726 quae
405 1644 535 1725 quidem
569 1643 720 1706 Ovidium
750 1643 912 1725 resipiunt.
962 1643 1096 1706 Prorsus
1125 1653 1234 1706 autem
1263 1641 1429 1703 Diodorus

171 1750 331 1814 consentit
353 1769 425 1811 cum
447 1749 684 1812 scholiastaad
707 1750 731 1811 Ι.
760 1750 819 1828 548
842 1749 949 1822 ABD,
979 1747 1032 1830 qui
1056 1746 1165 1808 itidem
1194 1747 1299 1826 primo
1321 1766 1339 1806 a
1363 1745 1429 1808 Me·

171 1856 283 1934 leagro
313 1874 428 1935 aprum
457 1856 555 1916 ictum
590 1873 661 1916 esse
696 1863 729 1916 et
750 1852 941 1927 Atalantae,
972 1853 1020 1915 cui
1054 1851 1219 1930 Meleager
1248 1850 1365 1932 pellem
1396 1860 1430 1914 et

172 1969 269 2042 caput
290 1960 465 2034 donaverit,
494 1959 536 2022 ab
563 1957 724 2022 Althaeae
748 1958 895 2022 fratribus
919 1957 1046 2020 insidias
1068 1963 1198 2038 paratas
1220 1977 1290 2018 esse
1312 1966 1428 2019 narrat.

172 2065 418 2129 Commemorat
447 2072 555 2126 autem
588 2063 756 2126 historicus
793 2064 873 2126 duas
910 2061 1036 2125 fabulae
1066 2062 1106 2124 de
1140 2060 1295 2142 Meleagri
1325 2071 1430 2124 morte

172 2170 293 2235 formas
316 2171 397 2232 sicut
418 2168 653 2258 Apollodorus,
677 2188 810 2250 quarum
828 2169 928 2230 altera
943 2167 984 2228 de
1007 2166 1128 2247 lignoa
1148 2165 1254 2228 Parcis
1268 2165 1430 2229 Althaeae

171 2278 249 2339 dato
279 2274 367 2355 apud
396 2282 567 2355 utrumque
597 2276 711 2336 eadem
741 2283 798 2340 est.
843 2271 991 2334 Alteram
1019 2292 1096 2334 vero
1128 2290 1324 2353 quamquam
1353 2270 1428 2334 Dio·

171 2382 271 2444 dorus
293 2379 480 2442 brevissime
502 2380 601 2442 modo
625 2377 791 2459 significat,
816 2376 951 2438 eandem
974 2396 1054 2452 esse,
1086 2396 1183 2458 quam
1205 2376 1430 2457 Apollodorus

172 2486 316 2549 secundo
331 2484 404 2547 loco
425 2482 530 2559 refert,
545 2493 718 2564 propterea
734 2504 793 2565 pro
810 2491 898 2544 certo
913 2480 1028 2557 habeo,
1046 2481 1134 2561 quod
1150 2481 1236 2562 apud
1249 2490 1429 2561 ¹utrumque

172 2591 341 2670 Meleager
377 2589 486 2654 matris
523 2588 797 2652 exsecrationibus
829 2588 971 2650 moritur.
1029 2587 1138 2669 Atque
1170 2585 1253 2648 hanc
1287 2584 1428 2648 fabulam

171 2695 401 2778 Apollodorus
430 2694 608 2757 secundum
629 2693 735 2756 Iliadis
757 2694 781 2756 1.
805 2714 834 2755 v.
860 2705 1028 2772 553—599
1057 2701 1171 2766 narrat,
1202 2691 1291 2754 addit
1320 2702 1428 2755 autem

174 2812 314 2865 mortem
338 2799 503 2880 Meleagri,
531 2818 627 2879 quem
650 2775 812 2861 Homerus
842 2818 906 2860 non
938 2804 1186 2871 commemorat;
1218 2798 1354 2859 eandem
1377 2799 1430 2859 ad·

173 2917 267 2971 notat
288 2906 385 2968 etiam
407 2905 570 2967 Diodorus
583 2905 632 2985 71).
672 2903 865 2966 Luculenter
886 2903 981 2983 igitur
1004 2900 1146 2981 adparet,
1170 2903 1266 2964 etiam
1287 2902 1338 2965 hic
1352 2901 1426 2964 Dio·

173 3016 289 3076 dorum
313 3020 346 3074 et
366 3010 608 3091 Apollodorum
624 3029 667 3071 ex
690 3008 805 3070 eodem
820 3008 901 3070 libro
924 3006 1057 3069 fabulari
1079 3005 1231 3080 hausisse,
1256 3008 1308 3086 qui
1331 3009 1427 3070 etiam

173 3117 357 3181 fabularum
386 3114 615 3196 discrepantias
644 3113 798 3176 exhibuit.
843 3114 891 3175 At
918 3112 1054 3174 Diodori
1084 3111 1196 3191 capitis
1220 3123 1256 3189 35
1283 3115 1302 3189 ξ
1329 3129 1340 3172 1
1366 3133 1430 3176 una

174 3246 210 3288 re
238 3223 336 3286 distat
365 3221 406 3284 ab
435 3219 650 3301 Apollodoro
696 3219 757 3280 Hic
785 3219 870 3280 enim
899 3217 1087 3280 Periboeam
1111 3213 1260 3277 Oleniam
1288 3216 1329 3278 ab
1351 3218 1428 3298 Hip-

174 3349 286 3412 ponoo
310 3335 402 3408 patre
424 3326 466 3388 ad
489 3323 636 3408 Oeneum
659 3325 805 3397 missam,
836 3323 1011 3404 secundum
1041 3319 1220 3382 Hesiodum
1243 3341 1286 3382 ex
1308 3320 1429 3402 Hippo-

175 3443 278 3498 strato
307 3430 504 3511 Amaryncei
533 3429 599 3492 filio
632 3429 798 3510 gravidam
828 3447 898 3488 esse
926 3436 1047 3501 narrat,
1077 3425 1242 3487 Diodorus
1273 3436 1381 3488 autem
1412 3447 1431 3488 e

177 3541 291 3604 Marte.
337 3536 403 3599 Sed
424 3535 666 3618 Apollodorum
687 3552 808 3596 errasse
831 3533 1053 3593 demonstrant
1076 3529 1209 3592 Hesiodi
1233 3550 1343 3592 versus
1359 3531 1430 3611 ipsi,

178 3667 259 3728 quos
282 3642 455 3707 scholiasta
478 3644 520 3703 ad
541 3639 665 3702 Pindari
687 3637 821 3720 Olymp.
845 3636 900 3697 XI.
917 3634 959 3712 46
982 3633 1053 3715 (frg.
1065 3650 1106 3715 97
1129 3635 1253 3716 Rzach)
1275 3637 1429 3698 servavit:
1488 3675 1489 3679 =

349 3747 433 3826 »Τὴν
454 3739 484 3808 rl'
504 3741 740 3828 Ἀμαρυγκεΐδης
760 3739 984 3823 Ἶππόστρατος,
1008 3737 1073 3814 ὄζος
1093 3731 1201 3823 Ἄρηός

353 3847 486 3924 olnam
507 3852 617 3932 ἄγλαος
638 3847 711 3927 υἱός,
733 3845 859 3910 Ἐπειῶν
882 3844 1013 3928 ὄρχαμος
1035 3841 1239 3927 ἀνδρῶν....α

179 3981 292 4061 Neque
330 3995 464 4058 possum
500 3993 565 4035 non
599 3972 794 4034 contendere
830 3969 928 4031 etiam
961 3966 1141 4028 Diodorum
1179 3988 1318 4043 errasse,
1356 3987 1430 4030 cum

180 4086 330 4168 equidem
356 4081 508 4162 Tydeum
539 4079 651 4140 Martis
679 4075 779 4138 filium
809 4072 963 4136 nominari
991 4092 1150 4153 nusquam
1178 4081 1305 4153 praeter
1333 4093 1432 4135 unum

181 4198 263 4253 hunc
293 4186 429 4249 Diodori
458 4185 566 4248 locum
600 4183 768 4246 inveniam.
819 4180 932 4258 Itaque
965 4197 1037 4238 cum
1071 4185 1236 4257 praeterea
1268 4177 1434 4240 Diodorus

182 4330 389 4343 -..-.-—-

266 4400 303 4469 ll)
321 4400 355 4452 cs.
373 4399 449 4450 etiam
467 4397 546 4448 schol.
567 4397 589 4446 Ι.
611 4407 662 4460 534
679 4395 765 4455 ABD,
786 4392 854 4457 quod
873 4391 936 4439 duas
955 4389 1012 4438 illas
1031 4386 1130 4438 fabulae
1148 4387 1241 4438 formas
1259 4389 1399 4454 permiscet.
