3480 5030
762 460 973 524 ..27-

327 613 412 675 Tum
441 608 519 675 vero
546 613 619 676 inde
649 633 668 675 a
698 634 725 680 c.
756 615 879 695 68-71
913 617 1051 677 narratio
1089 613 1171 675 bene
1201 613 1363 694 procedit,
1393 632 1497 694 neque

243 719 419 799 quidquam
449 717 619 792 invenitur,
651 721 738 799 quod
767 719 895 783 aliunde
929 719 1066 800 petitum
1098 738 1169 780 esse
1202 719 1355 799 suspicari
1385 718 1496 799 possit.

244 822 366 904 Capitis
388 838 427 902 73
450 830 558 883 autem
581 824 601 901 ξ
624 839 640 900 3
664 826 925 910 commemo-ratis
941 823 1161 886 Amazonibus
1177 823 1311 885 adnotat
1325 821 1497 897 Diodorus,

244 930 285 991 de
313 928 374 990 hac
404 935 499 1008 gente
528 945 563 988 se
592 927 656 987 iam
685 937 779 991 antea
810 930 922 1010 egisse.
967 926 1060 1008 Quae
1085 926 1315 989 commentatio
1344 928 1500 1007 reperitur

244 1034 263 1095 l.
280 1032 334 1096 III.
352 1052 378 1094 c.
398 1045 412 1112 5
420 1049 475 1110 3-
484 1044 531 1110 55,
555 1049 653 1110 quam
668 1032 778 1096 itidem
793 1054 835 1096 ex
850 1033 1011 1112 Dionysio
1027 1052 1061 1093 se
1077 1031 1256 1094 describere
1271 1031 1340 1112 ipse
1355 1039 1500 1098 testatur.

245 1138 298 1200 Ex
321 1137 436 1199 eodem
458 1141 566 1198 autem
588 1135 677 1210 libro,
702 1155 768 1216 quo
783 1137 900 1199 Bacchi
928 1135 1053 1199 fabulae
1069 1135 1212 1216 Libycae
1235 1135 1404 1210 fluxerunt,
1427 1155 1500 1198 eam

246 1243 422 1306 derivatam
443 1261 513 1304 esse
536 1242 600 1303 iam
623 1240 847 1304 concluserunt
869 1242 926 1303 viri
949 1241 1036 1303 docti
1055 1249 1088 1303 et
1106 1251 1192 1304 recte
1208 1242 1347 1321 quidem,
1371 1249 1406 1303 ut
1424 1240 1499 1302 mihi

247 1347 380 1413 videtur.
425 1345 510 1408 Nam
540 1366 566 1409 c.
593 1358 630 1424 53
662 1348 726 1425 §4
754 1356 914 1424 narratur,
944 1346 1129 1409 Amazones
1157 1346 1293 1408 coluisse
1316 1347 1346 1408 in
1375 1346 1500 1427 Libyae

246 1462 338 1535 parte
360 1455 398 1532 (c.
426 1465 463 1530 53
487 1453 507 1530 ξ
534 1453 562 1531 1)
587 1450 775 1512 occidentali
797 1449 1022 1513 fertilissimam
1046 1451 1077 1532 (ξ
1101 1451 1132 1532 5)
1155 1451 1290 1513 insulam
1313 1452 1344 1513 in
1366 1451 1501 1514 Tritoni-

248 1561 287 1620 de
310 1559 380 1620 lacu
398 1557 501 1628 sitam,
527 1557 557 1616 in
572 1574 668 1635 quem
686 1555 777 1618 Trito
793 1555 906 1619 fluvius
923 1555 1040 1623 influat.
1077 1556 1239 1618 Bacchum
1255 1565 1362 1618 autem
1380 1557 1499 1638 Nysae,

248 1664 278 1725 in
301 1663 461 1724 uberrima
490 1658 609 1732 insula,
640 1680 722 1740 quae
749 1681 777 1722 a
790 1660 922 1724 Tritone
944 1660 1072 1723 flumine
1095 1661 1324 1736 circumdetur,
1351 1661 1404 1739 (68
1428 1664 1447 1741 ξ
1472 1663 1502 1742 5)

249 1765 471 1831 Amazonibus
494 1763 691 1844 Libysinque
721 1767 937 1847 propinquum
961 1769 1010 1846 (71
1038 1769 1058 1846 ξ
1083 1767 1113 1846 3)
1135 1767 1305 1828 educatum
1329 1786 1399 1828 esse
1422 1765 1502 1847 Scy-

248 1873 416 1937 tobrachio
446 1867 550 1931 refert.
596 1866 660 1930 Sed
690 1872 1009 1934 animadvertendum
1039 1881 1104 1945 est,
1136 1871 1167 1932 in
1196 1871 1354 1952 capitibus
1378 1885 1478 1952 53—5
1485 1887 1499 1950 5

251 1999 315 2041 non
336 1977 414 2052 dici,
445 1976 630 2037 Amazones
653 1974 797 2040 Minerva
824 1979 905 2040 duce
927 1975 1044 2039 Bacchi
1068 1975 1310 2057 expeditionum
1333 1977 1503 2057 participes

251 2083 363 2158 fuisse,
386 2082 493 2163 itaque
515 2099 599 2154 cum,
623 2089 729 2142 utrum
751 2101 812 2158 res,
835 2102 919 2162 quae
940 2083 989 2144 his
1011 2080 1167 2162 capitibus
1187 2090 1353 2142 narrantur
1367 2090 1441 2143 ante
1463 2101 1504 2143 an

215 2247 217 2252 .
249 2198 324 2270 post
346 2186 464 2249 Bacchi
487 2183 627 2247 facinora
649 2194 741 2266 gesta
763 2188 834 2260 sint,
866 2208 931 2250 non
953 2188 1170 2269 perspiciatur,
1193 2185 1326 2248 dubium
1348 2194 1406 2261 est,
1431 2205 1496 2266 quo

249 2295 321 2356 loco
351 2293 420 2356 libri
451 2293 491 2355 de
522 2291 650 2353 Baccho
687 2291 796 2372 scripti
824 2290 1058 2372 Scytobrachio
1089 2311 1143 2354 eas
1176 2291 1352 2373 protulerit.
1404 2291 1503 2354 Aliud

251 2407 476 2479 argumentum
499 2396 654 2478 praebent
677 2416 703 2458 c.
726 2396 768 2457 66
791 2396 847 2476 §6
868 2395 967 2458 verba
981 2395 1075 2459 haec:
1103 2389 1206 2468 »οὗτος
1226 2395 1283 2476 (sc.
1300 2395 1316 2456 ὁ
1332 2396 1504 2479 Διονύσιος)

250 2505 307 2585 γὰρ
329 2502 368 2564 τά
389 2525 420 2563 τε
443 2503 509 2584 περὶ
532 2503 584 2562 τὸν
599 2499 745 2562 Διόνυσον
765 2501 815 2560 καὶ
837 2501 891 2572 τὰς
905 2491 1078 2579 Ἆμάζονας,
1102 2500 1144 2562 ἔτι
1166 2499 1199 2562 δὲ
1221 2503 1290 2573 τοὺς
1307 2498 1506 2584 Ἀργοναύτας

248 2610 297 2669 καὶ
322 2609 359 2669 τὰ
374 2609 451 2668 κατὰ
467 2609 519 2668 τὸν
529 2598 660 2668 Ἰλιακὸν
674 2604 804 2685 πόλεμον
821 2590 1000 2687 πραχθέντα
1014 2607 1064 2665 καὶ
1077 2598 1156 2668 πολλ’
1177 2606 1262 2688 ἕτερα
1277 2605 1501 2672 συντέτακται(

251 2715 335 2777 Nam
358 2714 503 2776 Bacchus
526 2722 559 2774 et
581 2712 766 2773 Amazones
789 2706 819 2772 in
841 2708 904 2772 hoc
927 2708 1209 2790 Scytobrachionis
1238 2729 1373 2790 operum
1403 2712 1506 2775 indice

252 2822 295 2884 ita
317 2822 398 2883 inter
419 2841 453 2882 se
477 2819 711 2898 coniunguntur
733 2824 766 2877 et
788 2816 901 2878 ceteris
923 2816 1021 2878 titulis
1043 2825 1258 2896 opponuntur,
1283 2826 1318 2878 ut
1338 2817 1370 2877 in
1390 2816 1504 2878 eodem

252 2926 333 2989 libro
356 2934 389 2988 et
411 2925 452 2987 de
474 2923 602 2986 Baccho
625 2929 658 2984 et
680 2922 719 2983 de
742 2919 963 2983 Amazonibus
985 2930 1092 2983 actum
1114 2939 1184 2982 esse
1206 2921 1368 3000 probetur.

340 3029 522 3092 Cohaerent
551 3035 659 3089 autem
688 3044 761 3087 cum
791 3024 996 3088 Amazonum
1025 3025 1156 3087 historia
1189 3033 1257 3086 arte
1289 3024 1507 3088 Atlantiorum

256 3156 336 3217 quas
364 3135 440 3197 dicit
470 3131 595 3194 labulae
624 3131 758 3192 divinae.
804 3129 887 3191 Nam
917 3131 1029 3212 capitis
1061 3143 1100 3208 54
1130 3132 1149 3209 ξ
1176 3147 1188 3190 1
1221 3129 1263 3191 de
1287 3130 1389 3206 bello,
1420 3132 1507 3210 quod

255 3242 441 3303 Amazones
457 3237 608 3300 Atlantiis
631 3233 800 3308 intulerint,
824 3235 981 3298 disserens
995 3235 1159 3297 Diodorus
1180 3235 1271 3297 dicit:
1303 3233 1389 3317 »παρ’
1406 3230 1450 3308 οἷς
1471 3236 1508 3315 δὴ

255 3343 501 3426 μυθολογεῖσθαί
520 3363 596 3430 φασι
619 3341 674 3420 τὴν
696 3347 756 3400 τῶν
778 3341 861 3400 θεῶν
882 3337 994 3420 γένεσιν
1015 3339 1143 3421 ὑπάρξαι
1171 3341 1245 3421 πρὸς
1268 3347 1332 3412 τοῖς
1360 3341 1437 3401 κατὰ
1459 3343 1511 3402 τὸν

254 3449 397 3514 'ilatum
417 3448 528 3524 τόποις,
550 3445 718 3529 συμφώνως
740 3452 802 3516 τοῖς
816 3441 887 3526 παρ’
901 3438 1022 3524 Ἕλλησι
1035 3444 1226 3526 μυθολόγοις,
1249 3445 1315 3526 περὶ
1331 3437 1373 3505 ὧν
1386 3443 1511 3525 ὕστερον

255 3557 410 3638 attenua«
458 3556 570 3633 ltaque
593 3552 773 3614 Diodorum
796 3549 919 3612 fabulas
941 3569 1021 3629 quas
1044 3551 1119 3613 dicit
1141 3551 1255 3612 eodem
1286 3549 1366 3612 libro
1396 3549 1511 3633 legisse

166 3667 170 3674 '
256 3685 321 3746 quo
350 3663 556 3725 Amazonum
578 3657 742 3720 historiam
778 3657 844 3718 veri
871 3664 919 3717 est
941 3655 1052 3723 simile.
1098 3656 1327 3720 Atlantiorum,
1341 3664 1448 3717 autem
1471 3656 1511 3718 de

256 3770 315 3832 diis
337 3767 481 3840 fabulae,
513 3785 592 3846 quas
616 3764 687 3825 inde
713 3782 740 3824 a.
764 3782 790 3824 c.
818 3761 858 3839 56
879 3760 948 3823 libri
970 3761 1015 3822 Ill
1037 3759 1175 3842 prolert,
1210 3780 1313 3842 prope
1334 3760 1449 3823 absunt
1471 3761 1512 3823 ab

256 3875 293 3937 iis
316 3875 450 3936 deorum
473 3867 670 3952 genealogiis
692 3887 796 3949 eaque
816 3886 920 3928 rerum
936 3866 1112 3928 divinarum
1128 3866 1280 3940 doctrina,
1304 3885 1384 3946 quas
1400 3863 1511 3944 Scyto·

257 3978 389 4042 brachio
414 3976 445 4038 in
468 3975 548 4037 libro
571 3974 611 4036 de
629 3971 762 4034 Baccho
785 3972 945 4053 exposuit,
968 3971 1019 4033 vel
1038 3972 1133 4053 plane
1152 3979 1224 4032 sunt
1240 3971 1381 4032 eaedem.
1418 3969 1511 4044 Nam,

256 4135 461 4148 —-.-.-.-.

257 4239 384 4290 Schwartz
403 4237 434 4286 de
452 4235 529 4286 Dion.
548 4233 590 4284 Sc.
610 4250 636 4298 p.
656 4244 689 4298 5ο
712 4232 871 4297 potissimum
895 4231 1002 4281 Diodori
1020 4231 1040 4282 1.
1063 4241 1100 4292 19,
1125 4244 1138 4279 2
1158 4246 1216 4279 usus
1239 4235 1291 4288 est,
1317 4237 1344 4278 ut
1367 4245 1448 4279 rerum
1467 4231 1515 4279 Ae-

258 4325 401 4392 gyptiarum
419 4323 526 4373 Diodori
546 4338 662 4386 magnam
679 4329 776 4386 partem
801 4337 831 4369 ex
850 4318 973 4382 Dionysio
991 4325 1121 4382 repeteret.
1157 4318 1256 4368 Corruit
1282 4317 1358 4382 igitur
1374 4317 1423 4367 hoc
1441 4334 1513 4382 argu·

259 4423 380 4466 mentum.
418 4413 502 4476 Atque
519 4412 573 4476 ipse
593 4412 625 4460 ab
642 4410 689 4458 hac
707 4409 850 4460 coniectura
868 4407 982 4458 recessit:
1003 4408 1069 4456 Mus.
1087 4406 1169 4455 Rhen.
1187 4406 1236 4458 vol.
1255 4407 1303 4454 XL
1321 4421 1343 4455 a.
1365 4403 1437 4471 1885.
