3480 5030
722 1445 895 1519 CAPUT
922 1447 972 1520 IV

262 1650 322 1741 οΕ
353 1646 555 1740 ἙΑΒΙΙΗὸ
588 1648 776 1741 0100001
811 1648 933 1741 tlon!
966 1648 1011 1742 ll!
1044 1649 1175 1744 0οΑΕ
1209 1649 1435 1743 Restant

769 1921 926 1932 ...-

323 2079 413 2161 Otto
435 2092 569 2156 Sieroka
598 2095 629 2156 in
652 2095 883 2170 dissertatione,
908 2118 1006 2177 quam
1027 2099 1153 2178 scripsit
1174 2099 1215 2159 de
1235 2098 1370 2162 Diodori
1391 2100 1478 2161 tertii

219 2211 252 2266 et
274 2202 378 2282 quarti
399 2200 553 2263 librorum
575 2198 724 2274 fontibus
749 2200 870 2280 primus
895 2203 1087 2276 observavit,
1109 2223 1180 2265 esse
1200 2205 1336 2285 vestigia
1358 2204 1388 2265 in
1411 2203 1480 2266 eius

219 2307 351 2369 historia
384 2303 536 2379 fabulari,
572 2323 654 2382 quae
687 2323 761 2364 eum
791 2302 879 2366 sonte
913 2309 1087 2371 secundum
1121 2329 1275 2390 generum
1306 2319 1480 2372 stemmata

222 2410 345 2473 fabulas
368 2408 524 2471 referente
546 2428 639 2470 usum
662 2428 733 2470 esse
757 2409 986 2472 demonstrent.
1020 2412 1191 2476 Manifesta
1205 2422 1313 2476 autern
1330 2412 1480 2495 probavit

222 2535 312 2578 suani
335 2514 535 2588 sententiam,
560 2488 632 2575 libri
657 2513 761 2592 quarti
783 2514 940 2595 capitibus
969 2515 1093 2596 67—85
1125 2518 1314 2599 explicatius
1338 2519 1479 2600 digestis,

222 2621 295 2682 Hoc
315 2640 428 2682 omnes
451 2626 540 2699 put0,
565 2618 618 2698 qui
634 2617 777 2699 legerint,
801 2620 987 2694 concedere,
1013 2640 1218 2704 quamquam,
1243 2644 1319 2685 num
1337 2622 1481 2704 singulae

221 2725 430 2806 genealogiae
458 2745 476 2786 e
505 2723 638 2785 consilio
671 2723 754 2785 inter
781 2744 816 2786 se
848 2725 1038 2796 coniunctae
1070 2726 1131 2788 sint
1165 2749 1204 2791 eo
1237 2730 1351 2802 modo,
1383 2748 1481 2808 quem

223 2829 304 2894 Otto
328 2829 462 2892 Sieroka
487 2828 693 2906 excogitavit,
718 2829 868 2910 equidem
891 2829 984 2891 valde
1006 2830 1173 2912 dubito.⁵⁹)
1235 2850 1239 2860 ·

308 2935 358 2996 Eo
382 2936 484 3014 magis
509 2933 622 3007 miror,
654 2934 742 3013 quod
765 2953 860 2996 nemo
883 2935 1004 3009 adhuc,
1036 2945 1198 3018 quotquot
1220 2937 1354 3002 Diodori
1375 2957 1482 2998 rerum

223 3039 567 3119 mythographicarum
597 3037 702 3099 fontes
727 3038 917 3119 investigare
943 3040 1002 3103 sibi
1031 3050 1298 3122 proposuerunt,
1316 3041 1481 3121 quaesivit,

223 3163 300 3205 num
315 3142 387 3204 illae
404 3150 512 3222 partes
532 3141 667 3204 sortasse
683 3141 791 3221 aliquo
808 3146 1055 3226 propinquitatis
1069 3145 1197 3208 vinculo
1213 3147 1276 3208 sint
1294 3147 1482 3208 coniunctae

140 3256 142 3260 '
223 3266 297 3308 curn
318 3245 513 3327 Apollodori
542 3246 755 3321 bibliotheca,
785 3267 883 3327 quam
911 3251 955 3312 ita
985 3251 1176 3331 dispositam
1207 3271 1278 3312 esse
1306 3270 1482 3330 numquam

224 3372 288 3414 non
318 3353 437 3432 patuit,
469 3354 657 3432 praesertim
687 3374 760 3416 curn
790 3354 853 3416 iam
884 3355 1054 3417 Eduardus
1076 3354 1239 3418 Schwartz
1262 3354 1482 3430 intellexisset,

223 3456 451 3519 Thebanarum
475 3455 653 3519 fabularum
675 3467 801 3540 partem
824 3469 857 3522 et
879 3479 952 3521 cum
974 3459 1181 3540 Apollodoro
1198 3470 1230 3522 et
1253 3479 1326 3521 cum
1348 3460 1482 3539 Hygino

224 3562 460 3642 consentire.⁶⁰)
496 3560 551 3622 Sin
565 3572 673 3640 autem
688 3563 823 3625 Diodori
839 3573 956 3644 partes,
981 3584 1061 3642 quas
1077 3564 1158 3627 Otto
1174 3564 1309 3626 Sieroka
1324 3565 1483 3638 indicavit,

224 3665 417 3747 Apollodori
447 3667 661 3730 bibliothecae
683 3669 883 3749 propinquae
906 3669 984 3743 sint,
1015 3689 1121 3731 nonne
1143 3677 1312 3732 teneamus
1340 3669 1483 3730 eiusdem

224 3771 319 3834 sontis
342 3772 540 3852 particulam,
568 3773 656 3834 cuius
678 3772 742 3834 iarn
764 3793 861 3854 supra
883 3775 1019 3854 vestigia
1041 3774 1072 3835 in
1093 3773 1229 3835 Diodori
1242 3773 1482 3854 ArgonauticiS,

224 3879 254 3939 in
277 3877 405 3939 scholiis
428 3876 662 3958 Apollonianis‚
690 3879 775 3958 apud
798 3877 1040 3959 Apollodorum
1063 3876 1354 3957 deprehendimus?

310 4112 346 4180 ⁶⁹)
366 4115 474 4178 Quantis
491 4114 608 4173 artificiis,
627 4123 655 4162 ut
668 4115 782 4164 ordinem
795 4113 946 4172 ostenderet,
963 4129 1027 4177 opus
1039 4113 1122 4171 suerit,
1137 4112 1233 4178 optime
1245 4113 1372 4180 intellegis
1384 4130 1398 4164 e
1410 4131 1437 4180 p.
1453 4115 1484 4164 16

225 4220 251 4254 n.
273 4201 401 4268 (Coronis)
421 4211 446 4252 et
463 4219 477 4252 e
495 4220 520 4268 p.
542 4215 571 4265 17
592 4202 738 4268 (Harpina).

310 4288 346 4357 60)
367 4291 399 4341 de
416 4291 497 4341 schol.
519 4291 596 4340 Hom.
614 4307 640 4356 p.
660 4301 803 4354 452—454.
