3438 5028
707 393 916 454 „93-

184 546 364 608 fabularum
386 545 557 606 varietates
580 545 732 607 collectas
756 546 786 607 ln
809 545 1041 606 commentario
1064 544 1105 604 ad
1127 544 1290 608 Rhodium
1313 556 1446 627 poetam

183 651 319 713 edidisse
342 651 394 723 ita,
419 659 453 712 ut
476 650 627 712 dissimile
652 651 781 730 quidem
805 650 870 711 veri
894 669 958 710 non
974 649 1127 722 videatur,
1152 669 1225 711 eum
1253 652 1353 714 multa
1369 653 1448 716 talia

186 756 330 818 attulisse
361 765 393 817 et
423 756 595 836 praecipue
626 776 665 817 ea
694 755 816 817 scholia
847 754 945 816 modo
975 764 1008 815 et
1037 755 1159 816 ratione
1189 756 1248 817 illis
1278 757 1447 832 simillima,

187 861 303 940 quibus
327 862 433 922 variae
457 860 497 921 de
521 860 722 941 Argonautis
745 859 872 925 fabulae
895 862 990 922 docte
1014 860 1222 939 explicantur.

272 964 318 1027 Ut
342 974 449 1026 autem
471 966 512 1026 ab
528 966 589 1027 alia
605 976 697 1048 parte
713 967 938 1028 commendem
956 985 1061 1026 meam
1077 966 1279 1039 sententiam,
1303 965 1448 1027 Theonis

186 1071 388 1153 temporibus
411 1072 541 1132 demum
566 1092 718 1152 magnam
742 1070 891 1134 fabularis
915 1071 1078 1132 doctrinae
1105 1071 1224 1132 molem
1245 1072 1274 1132 in
1291 1071 1448 1151 Apolloni

189 1176 310 1238 scholia
331 1176 530 1256 pervenisse,
562 1177 757 1249 monuerim,
788 1176 922 1257 cogitari
946 1196 1010 1237 non
1038 1195 1151 1255 posse,
1176 1177 1294 1237 nedum
1319 1176 1448 1237 demon·

189 1281 296 1353 strari,
327 1299 399 1340 eam
430 1289 504 1341 ante
534 1301 654 1342 annum
677 1295 716 1359 50
738 1302 765 1342 a.
791 1280 864 1343 Chr.
889 1301 919 1342 n.
941 1281 970 1342 in
994 1279 1054 1342 illis
1083 1281 1321 1342 commentariis
1344 1279 1449 1345 luisse.

190 1385 276 1465 Quid
301 1386 384 1447 enim
408 1383 525 1446 faciunt
549 1387 590 1447 ad
613 1395 730 1466 poetae
754 1407 865 1448 versus
887 1386 1097 1466 explicandos
1120 1387 1265 1465 ingentes
1285 1385 1356 1447 illae
1372 1407 1449 1447 enu-

189 1491 382 1552 merationes
415 1490 573 1550 variarum
606 1489 784 1552 fabularum
816 1501 848 1552 et
878 1492 1053 1552 multorum
1084 1492 1265 1565 nominum,
1302 1491 1377 1571 quid
1408 1491 1450 1553 ad

189 1606 292 1658 artem
316 1594 572 1675 intelligendam,
598 1595 674 1676 quid
697 1597 737 1657 ad
761 1595 865 1658 fontes
888 1595 1153 1675 cognoscendos?
1199 1595 1340 1658 Omnino
1361 1596 1448 1670 nihil,

190 1720 388 1780 quamquam
419 1699 554 1761 libenter
584 1701 744 1773 conced0,
776 1701 902 1780 saepius
925 1701 1006 1762 inter
1032 1720 1184 1780 magnum
1208 1720 1374 1762 numerum
1398 1702 1450 1762 ad·

190 1807 379 1885 scriptarum
398 1802 577 1865 fabularum
601 1805 697 1866 etiam
720 1826 791 1866 eam
814 1806 954 1878 inveniri,
979 1825 1076 1884 quam
1100 1815 1228 1867 secutus
1250 1815 1299 1867 est
1313 1805 1449 1886 Apollo·

190 1911 266 1972 nius.
313 1908 377 1970 Sed
401 1919 436 1970 ut
459 1919 644 1972 eruerentur
667 1920 783 1991 poetae
806 1909 927 1983 fonteS,
959 1930 1169 1990 permagnam
1200 1910 1285 1972 illam
1320 1910 1448 1971 turbam

190 2035 293 2094 neque
317 2016 505 2077 adnotatam
528 2036 598 2077 esse
622 2035 726 2096 neque
751 2016 922 2077 collectam
952 2036 991 2076 eo
1022 2014 1190 2088 evincitur,
1224 2016 1369 2096 quodie,
1395 2015 1449 2095 qui

192 2141 302 2182 revera
330 2130 446 2200 poetae
474 2118 579 2182 sontes
602 2121 671 2200 ipse
693 2121 864 2200 quaesivit,
896 2120 972 2181 nihil
996 2120 1053 2182 nisi
1082 2120 1187 2199 ipsum
1214 2120 1302 2181 illum
1326 2117 1449 2180 sontem

192 2225 351 2306 adpinxh,
385 2225 488 2286 missis
517 2226 664 2286 nimirum
695 2227 739 2286 eis
768 2225 991 2306 scriptoribus,
1023 2226 1137 2307 quibus
1160 2234 1258 2304 poeta
1288 2245 1351 2286 non
1375 2244 1451 2285 usus

192 2341 255 2392 est:
282 2329 492 2410 Asclepiades
515 2330 701 2408 Myrleanus
726 2332 764 2412 (v.
789 2330 889 2392 schol.
905 2331 970 2410 Ap.
993 2331 1054 2392 Rh.
1079 2331 1102 2392 1.
1127 2330 1212 2410 623).
1247 2328 1353 2408 Quem
1377 2349 1451 2390 cum

192 2438 275 2498 circa
297 2455 414 2497 annum
438 2435 476 2512 65
503 2435 629 2496 Romae
652 2436 798 2497 docuisse
822 2437 1026 2517 constet¹¹⁷),
1050 2437 1201 2514 sequitur,
1230 2456 1269 2496 eo
1292 2444 1450 2514 tempore,

193 2563 258 2622 quo
283 2541 334 2602 ille
355 2540 489 2601 Diodori
512 2539 707 2620 Apollodori
730 2541 846 2624 Hygini
879 2542 950 2603 fons
973 2542 1013 2604 de
1036 2540 1264 2620 Argonauticis
1291 2539 1450 2619 conscrip-

92 2647 95 2655 ’
192 2659 243 2710 tus
267 2667 336 2708 esse
369 2647 545 2708 censendus
568 2654 634 2719 est,
664 2647 806 2708 nondum
837 2647 932 2708 luisse
963 2666 1103 2720 morem,
1135 2665 1269 2724 magnas
1300 2629 1450 2704 fabularis

194 2753 377 2814 eruditionis
403 2751 522 2831 copias,
546 2769 629 2829 quae
659 2752 812 2814 lectorem
841 2753 881 2814 ad
913 2761 1044 2832 poetam
1073 2751 1185 2812 melius
1208 2748 1450 2829 intelligendum

194 2879 325 2939 prorsus
356 2857 430 2918 nihil
453 2857 613 2929 adiuvant,
647 2858 677 2918 in
700 2858 936 2919 commentariis
959 2856 1178 2930 accumulare,
1202 2855 1260 2916 sed
1290 2875 1328 2916 ea
1351 2855 1450 2915 modo

196 2963 237 3023 ab
253 2961 479 3040 interpretibus
494 2981 565 3022 esse
589 2963 750 3034 adnotata,
776 2981 859 3040 quae
883 2983 992 3024 revera
1008 2962 1112 3023 lucem
1135 2960 1279 3022 versibus
1295 2959 1448 3033 afferunt;

195 3067 288 3142 quod·
307 3065 411 3124 solum
435 3065 567 3142 dignum
589 3073 638 3126 est
660 3063 840 3144 philologis
1180 3135 1183 3144 Ι

255 3165 442 3245 Ωυοηὶειῐη
472 3168 567 3247 igitur
597 3170 903 3245 demonstravimus,
937 3171 1074 3249 primum
1106 3172 1145 3232 de
1169 3168 1368 3250 Argonautis
1398 3168 1449 3229 ad·
1475 3179 1693 3261 Ἣ

193 3273 391 3342 notationeS,
427 3292 506 3351 quas
539 3273 702 3334 Diodorus
736 3272 1019 3353 Scytobrachionis
1050 3275 1211 3355 epitomae
1242 3274 1372 3346 adiecit,
1409 3294 1452 3334 ex

194 3380 310 3440 eodem
333 3375 421 3439 sonte
444 3397 600 3452 manasse,
627 3377 710 3438 unde
733 3376 995 3457 Argonautarum
1018 3379 1144 3442 fabulae
1168 3381 1199 3440 in
1221 3379 1451 3441 bibliothecam

193 3490 225 3542 et
249 3480 370 3559 Hygini
393 3482 600 3563 genealogias
623 3492 846 3564 pervenerunt,
871 3493 939 3543 tum
963 3485 1044 3547 illius
1066 3484 1161 3547 sontis
1184 3494 1349 3546 auctorem
1376 3483 1451 3544 Dio·

194 3587 275 3647 doro
310 3588 522 3665 antiquiorem
554 3609 571 3648 e
611 3587 738 3650 scholiis
771 3587 992 3668 Apollonianis
1033 3589 1157 3650 haurire
1200 3610 1264 3650 non
1297 3589 1451 3668 potuisse,

193 3692 322 3752 iamiam
341 3701 447 3768 restat,
472 3704 507 3754 ut
522 3693 715 3764 evincamus,
739 3692 924 3753 historicum
942 3691 1092 3764 Siculum,
1117 3694 1170 3771 qui
1187 3694 1452 3773 Argonautarum

195 3797 327 3876 mythos
350 3808 572 3878 cognosceret,
596 3798 693 3860 alium
717 3797 831 3858 librum
855 3818 919 3858 non
942 3797 1065 3868 adiisse,
1089 3805 1186 3877 atque
1210 3795 1452 3877 mythographi·

194 3921 267 3964 cum
291 3901 388 3975 illum,
412 3903 462 3964 cui
484 3903 620 3966 heroum
643 3912 816 3964 stemmata
837 3911 869 3963 et
888 3902 1041 3982 plurimas
1057 3901 1126 3963 libri
1141 3901 1188 3962 IV
1205 3901 1329 3964 fabulas
1344 3900 1451 3968 debet.

195 4005 245 4069 Ac
269 4008 385 4080 nesci0,
410 4028 450 4069 an
477 4009 647 4090 quisquam
670 4009 710 4069 de
733 4006 793 4068 hac
810 4027 843 4068 re
860 4027 923 4068 non
941 4006 1074 4070 dubitet.
1106 4007 1220 4088 Neque
1237 4007 1321 4068 enim
1338 4007 1452 4068 eadem

193 4113 322 4186 indicia,
355 4113 468 4193 quibus
491 4115 577 4176 ducti
601 4123 723 4176 ceteras
746 4112 814 4174 illas
837 4111 972 4174 Diodori
1002 4111 1126 4173 fabulas
1149 4112 1200 4173 uni
1225 4110 1303 4174 fonti
1328 4111 1451 4174 addixi-

278 4339 326 4407 11ἵ)
346 4360 369 4393 v.
388 4342 487 4393 Suidas.
506 4359 524 4393 s.
544 4361 567 4394 y.
