3438 5028
744 448 956 515 ,7,-

220 602 336 666 thecae
366 623 398 684 p.
421 617 458 684 71
493 601 512 664 l.
542 603 696 683 1—23⁸⁸)
730 612 765 666 et
795 578 905 666 tabula
938 603 1133 667 Farnesiana
1167 624 1198 686 p.
1230 619 1268 686 71
1301 603 1321 666 l.
1347 606 1481 684 51-62.

221 707 309 770 Tum
330 707 495 770 Diodorus
517 707 599 770 sicut
614 707 838 789 Apollodorus
861 717 977 791 narrat,
998 707 1116 790 Sparta
1131 718 1227 792 capta
1242 709 1482 792 Tyndareoque

221 833 298 894 rege
321 811 408 875 facto
431 812 606 875 Herculem
629 813 761 892 Augam
783 813 859 878 Alei
889 813 988 876 filiam
1010 814 1142 896 Tegeae
1171 815 1215 896 (in
1238 814 1380 878 Arcadia
1408 816 1485 880 dicit

219 918 397 997 Diodorus)
418 917 647 999 devirginasse.

306 1048 360 1110 De
381 1047 482 1130 Auga
509 1068 588 1111 vero
617 1047 753 1111 Diodori
784 1050 922 1112 narratio
954 1071 1027 1113 cum
1058 1029 1287 1112 Alcidamante
1317 1049 1383 1113 lere
1412 1072 1484 1115 con-

221 1153 338 1231 sentit,
373 1154 427 1233 qui
450 1153 490 1216 de
513 1152 613 1216 Ulixe
644 1174 675 1235 p.
704 1155 759 1235 185
784 1153 957 1236 Sophoclis
980 1155 1125 1218 Aleadas
1148 1156 1262 1217 sectari
1292 1157 1483 1238 putatur⁸⁹).

222 1257 289 1323 Sed
312 1259 518 1341 quaestiones
539 1259 580 1321 de
603 1258 721 1341 Augae
743 1267 777 1321 et
797 1258 935 1342 Telephi
958 1259 1074 1324 fabulis
1096 1281 1170 1323 cum
1193 1258 1400 1323 difficillimae
1422 1261 1486 1324 sint

220 1373 377 1439 tractatu,
412 1372 581 1444 praetereo
608 1365 662 1444 qui
685 1364 752 1426 sani
775 1362 850 1425 nihil
874 1364 1018 1446 proferre
1045 1365 1177 1448 possim.
1222 1365 1335 1445 Atque
1352 1365 1485 1446 Augam

222 1491 243 1533 a
269 1469 409 1553 Nauplio
440 1469 592 1532 traditam
622 1489 693 1532 esse
722 1468 913 1532 Teuthranti
944 1471 1126 1551 Mysiorum
1156 1472 1240 1551 regi,
1272 1471 1327 1550 qui
1356 1490 1429 1533 eam
1452 1469 1484 1532 in

222 1575 464 1638 matrimonium
485 1574 640 1648 duxisset,
664 1574 845 1657 Telephum
867 1585 976 1638 autem
1000 1596 1019 1639 a
1040 1575 1188 1658 Corytho
1211 1577 1394 1654 educatum,
1418 1596 1486 1638 ora·

223 1679 459 1763 culoDelphis
488 1680 590 1761 petito
621 1689 757 1742 matrem
788 1681 945 1744 invenisse
975 1691 1008 1744 et
1037 1681 1245 1744 Teuthrantis
1276 1702 1411 1763 regnum
1435 1700 1485 1743 ac·

224 1787 353 1868 cepisse
383 1785 547 1848 Diodorus
580 1785 696 1847 eodem
726 1784 826 1847 modo
855 1796 979 1862 narrat,
1010 1807 1075 1869 quo
1105 1785 1330 1869 Apollodorus
1353 1786 1399 1868 (p.
1426 1801 1484 1847 102

222 1898 242 1955 l.
272 1906 404 1972 15-22,
428 1888 467 1952 ci.
491 1911 523 1971 p.
547 1904 583 1971 71
611 1889 630 1951 l.
656 1903 693 1969 25
718 1891 816 1971 sqq.).

309 2020 362 2084 De
385 2017 489 2082 Oenei
511 2020 620 2101 stirpe,
645 2040 727 2101 quae
750 2040 770 2083 a
791 2021 939 2084 Diodoro
961 2021 1121 2104 capitibus
1144 2038 1186 2101 34
1200 2031 1233 2084 et
1258 2035 1294 2101 35
1323 2028 1487 2092 tractatur,

223 2147 299 2190 cum
322 2127 385 2188 iam
404 2146 502 2208 supra
528 2126 704 2207 egerimus,
735 2127 980 2207 cognoscimus,
1008 2127 1049 2190 de
1072 2125 1219 2189 Herculis
1241 2145 1315 2188 cum
1338 2124 1488 2188 Acheloo

222 2232 356 2296 flumine
378 2231 410 2292 in
431 2239 559 2293 taurum
584 2250 741 2293 converso
764 2251 874 2312 pugna
905 2241 938 2293 et
966 2252 1065 2294 cornu
1095 2233 1124 2292 ei
1146 2230 1285 2312 abrupto
1307 2229 1488 2292 Diodorum

224 2339 313 2400 idem
336 2335 454 2398 referre
478 2350 515 2415 35
547 2338 621 2415 §a
652 2337 740 2416 quod
771 2335 995 2417 Apollodorus
1028 2358 1058 2419 p.
1084 2336 1307 2417 721.7-10,
1338 2335 1489 2416 Hyginus

224 2441 335 2504 fabula
350 2458 399 2521 31,
415 2455 444 2522 7.
489 2439 601 2520 Atque
617 2441 699 2502 sicut
713 2439 864 2521 Hyginus
880 2440 978 2502 etiam
994 2440 1113 2503 Strabo
1123 2441 1164 2504 X.
1180 2461 1212 2522 p.
1229 2440 1292 2519 458
1311 2460 1335 2502 s.
1353 2438 1372 2502 f.
1392 2439 1488 2501 hisio-

224 2548 310 2609 ricus
332 2545 471 2608 Acheloi
494 2565 593 2607 cornu
616 2553 649 2607 et
671 2565 770 2607 comu
793 2544 988 2607 Amaltheae
1018 2547 1103 2608 idem
1126 2544 1222 2608 luisse
1245 2545 1329 2620 dicit,
1352 2542 1487 2626 Apollo-

224 2652 326 2715 dorus
350 2659 459 2714 autem
482 2658 604 2723 narrat,
636 2650 811 2713 Herculem
841 2671 940 2713 cornu
970 2650 1108 2712 Acheloi
1138 2651 1263 2713 reddito
1293 2648 1488 2712 Amaltheae

224 2777 327 2820 comu
357 2757 529 2838 accepisse.
580 2755 667 2818 Tum
694 2755 860 2830 Hercules,
889 2755 1033 2836 Ephyra,
1065 2755 1324 2838 Thesprotorum
1354 2755 1485 2837 oppido,

226 2872 325 2944 capta
347 2883 390 2924 ex
412 2860 587 2941 Astyocha
615 2860 781 2941 Phylantis
812 2860 877 2924 filia
907 2860 1135 2942 Tlepolemum
1164 2869 1313 2942 procreat
1342 2870 1375 2923 et
1400 2860 1488 2942 apud

225 2969 410 3032 Diodorum
433 2967 482 3045 36.
509 2983 520 3027 1
546 2975 580 3112 e't
601 2966 633 3027 in
655 2965 730 3028 bibl.
754 2985 786 3046 p.
808 2981 848 3048 72
872 2965 1011 3047 11620).
1050 2966 1234 3047 Sequuntur
1256 2965 1313 3028 IV.
1336 2966 1387 3046 36.
1404 2979 1484 3044 2-5

316 3221 353 3289 ⁸⁸)
373 3223 493 3288 Hyginus
510 3222 597 3272 fabula
607 3234 649 3286 31,
664 3220 680 3270 8
698 3221 831 3270 confundit
849 3223 923 3272 Nelei
941 3223 1052 3272 fabulam
1071 3238 1130 3272 cum
1148 3221 1344 3288 Hippocoontis.
1367 3220 1485 3270 Ceterum

230 3314 258 3364 in
277 3313 384 3361 Diodori
403 3312 446 3361 lV.
466 3325 509 3376 33.
530 3312 545 3360 6
564 3327 610 3376 pro
628 3309 694 3362 δέκα
713 3311 773 3361 υἱοί
789 3297 950 3361 scribendum
967 3319 1020 3360 erat
1038 3315 1135 3371 εἴκοσι,
1155 3309 1301 3377 praesertim
1319 3324 1376 3358 cum
1398 3309 1485 3373 paucis

229 3410 289 3452 ante
315 3401 491 3466 Hippocoonti
516 3399 606 3464 viginti
637 3398 703 3448 filios
732 3397 809 3449 fuisse
833 3399 999 3458 adnotaverit,
1025 3399 1073 3449 nisi
1090 3414 1202 3460 vererer,
1227 3413 1259 3447 ne
1276 3397 1405 3447 Diodorus
1424 3397 1489 3449 δέκα

228 3489 378 3555 scripsisset,
399 3489 497 3554 Hygini
515 3489 647 3538 verborum
666 3503 777 3537 memor:
810 3488 933 3536 »Neleum
957 3487 1125 3552 Hipocoontis
1149 3485 1230 3536 filium
1249 3501 1307 3535 cum
1325 3485 1413 3535 decern
1431 3485 1490 3535 filiis

229 3579 349 3629 occidit«

318 3685 354 3752 ⁸⁹)
373 3686 448 3736 Certe
468 3684 653 3734 Alcidamantis
670 3683 703 3734 de
720 3687 797 3750 Auga
814 3683 962 3734 narrationis
974 3680 1050 3731 finem
1061 3679 1227 3748 (Ναύπλιος)
1244 3682 1304 3733 »καὶ
1321 3675 1354 3734 τὸ
1371 3681 1491 3734 παιδίον

233 3776 261 3835 ἐς
278 3779 398 3827 Μυσίαν
424 3770 582 3846 Τεύθραντι
606 3774 645 3840 τῷ
671 3773 794 3836 standai«
813 3768 959 3838 (ἀπέδοτο)
977 3787 993 3820 a
1017 3770 1152 3836 Sophoclis
1175 3771 1280 3821 Aleadis
1303 3769 1414 3820 alienum
1437 3786 1491 3820 esse

232 3865 353 3914 Aelianus
372 3880 398 3913 n.
418 3880 441 3914 a.
462 3863 523 3914 VII.
541 3876 574 3927 39
592 3862 675 3924 docet,
697 3878 722 3911 v.
735 3862 784 3926 lrg.
798 3861 830 3924 87
849 3860 949 3912 Nauck.
961 3859 1124 3924 -Telepho
1143 3874 1236 3909 nomen
1254 3857 1396 3908 adhaesisse
1414 3874 1445 3906 ex
1462 3875 1493 3908 eo

234 3954 306 4016 quod
323 3946 414 4018 θηλὴν
432 3951 536 4022 ἔλαφος
555 3950 578 4000 ei
595 3951 720 4016 praebuit,
740 3951 869 4000 Diodorus
887 3962 929 4013 33,
946 3961 986 4006 ιι,
1007 3947 1180 4012 Apollodorus
1198 3964 1223 4012 p.
1242 3955 1274 4008 72
1292 3947 1311 3998 1.
1330 3959 1341 3996 1
1362 3954 1389 3997 et
1406 3963 1432 4012 p.
1447 3959 1494 3996 102

233 4043 253 4091 l.
277 4053 315 4104 ι7,
339 4041 457 4105 Hyginus
474 4041 527 4091 fab.
547 4051 581 4104 39
598 4039 686 4088 itidem
706 4039 809 4091 tradunt
827 4039 931 4089 fortasse
954 4052 986 4086 ex
1009 4035 1145 4100 Euripide:
1170 4051 1195 4086 v.
1214 4035 1299 4085 Udalr.
1322 4033 1355 4084 de
1373 4034 1495 4084 Wilamo·

234 4130 422 4182 witaAnalect.
440 4129 528 4195 Eurip.
546 4146 573 4194 p.
597 4140 645 4190 190
662 4145 688 4180 n.
707 4128 733 4179 6.

323 4235 359 4305 90)
381 4239 471 4288 Utrum
492 4245 587 4287 rectum
605 4237 636 4285 sit
655 4237 773 4303 Ephyrae
796 4235 862 4300 regis
879 4249 972 4283 nomen
992 4231 1101 4296 Phylas,
1128 4245 1208 4280 necne
1232 4230 1330 4280 dubito,
1367 4230 1495 4281 Diodorus

236 4329 304 4377 enim
321 4329 368 4377 IV.
391 4337 432 4390 37.
456 4341 465 4376 1
495 4322 628 4378 Φύλαντα
651 4326 785 4390 Dryopum
813 4339 899 4388 regem
925 4320 1053 4376 nominat,
1084 4319 1155 4383 quod
1182 4319 1302 4384 probatur
1324 4319 1413 4369 tabula
1435 4320 1496 4369 Far·

237 4417 340 4466 nesiana
366 4414 612 4482 (Jahn-Michaelis:
641 4413 796 4478 griechische
819 4409 1045 4461 Bilderchroniken
1069 4424 1095 4471 p.
1122 4417 1169 4468 71,
1193 4407 1212 4457 1.
1235 4407 1306 4471 270).
1351 4408 1496 4472 Astyochae
