3480 5030
753 433 965 496 -,9..

229 585 417 666 sepelivisse
452 594 485 648 et
521 585 657 648 coluisse
693 584 773 647 sicut
810 585 934 648 heroes.
992 584 1105 664 Itaque
1141 581 1191 643 bis
1224 577 1360 641 Medeae
1396 575 1487 637 liberi

228 689 438 770 sepeliuntur.
482 689 564 752 Cum
586 699 694 752 autem
717 689 880 753 Diodorus
902 689 953 752 hic
975 708 1040 750 non
1062 688 1156 764 dicat,
1179 687 1232 748 ubi
1254 688 1296 749 ab
1318 687 1421 750 altero
1443 687 1486 749 ad

230 780 370 858 alterum
393 794 514 858 fontem
542 802 700 868 transeat,
730 804 828 876 atque
856 795 959 858 oratio
989 801 1118 856 maneat
1145 793 1292 872 obliqua,
1323 813 1486 870 conemur,

229 920 316 980 quae
338 920 358 962 a
376 899 534 980 Dionysio
557 899 660 963 aliena
681 909 764 974 sunt,
788 920 828 962 eo
850 919 1056 981 cognoscere,
1081 898 1169 978 quod
1189 898 1385 980 inquirimus,
1408 919 1487 961 num

230 1005 369 1067 fortasse
400 1005 575 1085 quidquam
606 1025 679 1067 cum
714 1004 959 1086 mythographis
992 1004 1187 1078 consentiat,
1225 1024 1308 1084 quos
1342 1004 1406 1066 iam
1438 1013 1489 1066 ter

230 1110 324 1173 alteri
353 1109 468 1172 horum
490 1109 626 1173 Diodori
655 1111 797 1191 capitum
820 1109 899 1173 fonti
922 1108 1121 1190 propinquos
1142 1129 1213 1170 esse
1235 1107 1486 1176 observavimus.

319 1231 432 1313 Neque
460 1231 501 1293 de
530 1231 652 1294 Iasonis
682 1239 786 1294 morte
809 1233 848 1311 (.
875 1246 911 1311 55
940 1233 960 1310 ,Sy
987 1247 999 1292 1
1024 1230 1102 1309 init.)
1132 1248 1237 1310 neque
1266 1231 1306 1293 de
1329 1229 1489 1294 Thessalo

233 1337 371 1398 Medeae
393 1335 458 1398 filio
481 1346 609 1399 servato
625 1339 675 1417 (55
701 1340 767 1417 §2)
790 1339 820 1399 in
842 1336 1036 1399 bibliotheca
1059 1335 1233 1416 quidquam
1256 1334 1380 1416 legitur.
1421 1333 1489 1398 Sed

232 1463 267 1523 p.
292 1442 341 1520 36,
365 1441 385 1505 l.
409 1442 451 1504 26
470 1460 540 1522 sqq.
557 1443 739 1519 adnotatur,
762 1442 898 1505 Medeae
921 1439 1064 1514 infantes,
1089 1459 1171 1519 quos
1187 1438 1342 1502 Corintho
1365 1440 1489 1521 fugiens

233 1549 268 1608 in
289 1547 419 1609 Iunonis
441 1545 564 1626 templo
586 1547 748 1628 supplices
770 1547 922 1629 posuerit,
945 1566 965 1606 a
980 1542 1151 1607 Corinthiis
1174 1564 1244 1606 esse
1266 1545 1488 1627 interemptos

233 1650 438 1714 Cohaeretne
462 1650 598 1713 fortasse
624 1652 759 1730 Pythiae
779 1650 945 1714 oraculum
966 1650 1006 1711 de
1031 1648 1167 1711 Medeae
1195 1648 1301 1711 liberis
1319 1648 1491 1714 Corinthiis

234 1756 369 1831 editum,
390 1756 431 1816 de
453 1774 518 1834 quo
540 1756 627 1836 apud
641 1755 821 1818 Diodorum
844 1776 870 1818 c.
890 1769 926 1834 55
953 1756 972 1834 ξ
994 1769 1005 1815 1
1032 1753 1178 1830 legimus,
1200 1773 1274 1815 cum
1295 1753 1349 1816 illa
1370 1755 1490 1820 caede?

237 1861 350 1940 Atque
370 1879 480 1922 revera
499 1859 654 1941 probatur
672 1860 752 1924 haec
772 1861 909 1942 suspicio
924 1859 1098 1922 Pausaniae
1117 1858 1155 1920 ll.
1173 1875 1199 1937 3.
1219 1859 1337 1942 §6sq
1372 1860 1490 1925 Narrat

235 1967 334 2040 enim,
356 1963 602 2040 Corinthiorum,
626 1965 680 2046 qui
696 1965 831 2028 Medeae
846 1953 982 2029 infantes
996 1965 1187 2039 necaverint,
1211 1964 1329 2028 liberos
1349 1968 1490 2047 periisse,

236 2071 342 2132 donec
378 2067 512 2149 Pythiae
544 2070 629 2133 iussu
659 2070 718 2133 illis
748 2091 854 2134 annua
887 2070 1039 2134 sacrificia
1068 2070 1333 2150 instituissentlll.
1377 2072 1491 2154 Itaque

235 2182 272 2236 et
293 2175 382 2255 quod
405 2175 436 2236 in
458 2174 653 2238 bibliotheca
674 2185 708 2238 et
730 2176 819 2258 quod
841 2196 860 2238 a
879 2177 1025 2239 Diodoro
1048 2175 1198 2251 traditur,
1226 2176 1398 2239 Pausanias
1427 2200 1492 2242 uno

235 2288 350 2342 tenore
386 2280 497 2354 refert,
535 2281 579 2343 ita
616 2289 652 2343 ut
687 2281 866 2344 necessario
902 2280 1158 2344 concludendum
1194 2282 1251 2356 sit,
1296 2303 1340 2346 ex
1375 2285 1493 2348 eodem

237 2383 328 2445 sonte
350 2384 608 2465 Apollodorum,
639 2387 693 2466 qui
716 2387 845 2462 dicitur,
877 2385 1003 2448 fabulae
1025 2385 1163 2461 initium,
1191 2385 1288 2449 finem
1310 2388 1492 2454 Diodorum

237 2490 423 2569 sumpsisse.
469 2489 714 2571 Mythographo
744 2492 839 2573 igitur
867 2491 911 2552 illi
933 2490 1068 2554 Diodori
1098 2489 1193 2567 fonti,
1226 2511 1323 2572 quem
1350 2494 1413 2557 iam
1444 2505 1494 2559 ter

239 2595 455 2676 repperimus,
484 2595 661 2658 addicenda
682 2606 756 2658 sunt
778 2596 874 2660 etiam
900 2595 999 2658 verba
1021 2595 1155 2658 Diodori
1178 2596 1252 2660 inde
1280 2617 1314 2660 a:
1352 2602 1439 2674 »τοὺς
1460 2600 1494 2663 δὲ

239 2699 444 2781 Κορινθιόοςο
465 2702 516 2781 (55
534 2702 554 2780 5
574 2703 717 2782 1)usque
732 2702 773 2763 ad
792 2709 905 2781 »τιμῶν
919 2701 1058 2783 ἡρωικῶν
1073 2703 1182 2774 αὐτοὺς
1202 2702 1330 2775 atroam
1368 2703 1494 2785 Quibus

240 2805 345 2867 verbis
381 2806 521 2886 demptis
564 2805 701 2886 Dionysi
735 2808 873 2870 narratio
910 2806 992 2868 bene
1025 2806 1180 2887 procedit.
1232 2807 1308 2870 Non
1345 2811 1493 2874 omittam

121 2958 133 2984 ,
237 2911 357 2974 diserte
380 2931 520 2986 monere,
544 2919 664 2991 quanta
686 2911 816 2974 levitate
830 2912 992 2974 Diodoms
1015 2910 1120 2974 lontes
1142 2910 1320 2977 confuderit
1342 2924 1375 2976 et
1396 2935 1494 2995 quam

238 3024 309 3078 arte
339 3016 539 3079 coniunxerit
567 3016 708 3079 fabulam
737 3038 781 3079 ex
811 3015 1057 3098 mythographis
1086 3016 1235 3078 haustam
1257 3038 1331 3080 cum
1359 3020 1496 3103 Dionysi
1566 3018 1569 3024 ’

241 3119 487 3196 historiuncula,
522 3139 605 3201 quae
639 3121 681 3184 illi
714 3131 763 3185 est
796 3122 961 3185 contraria.
1007 3120 1110 3183 Addit
1142 3121 1227 3183 enim
1255 3122 1420 3188 Diodorus
1454 3128 1496 3190 ad

241 3223 380 3304 Dionysi
416 3225 592 3305 epitomam
631 3236 809 3290 revertens:
850 3225 1055 3306 »ποιησάντων
1087 3223 1120 3286 δὲ
1152 3235 1213 3286 τῶν
1248 3228 1429 3310 Κορινθίων
1462 3233 1497 3293 τὸ

240 3328 453 3413 προσταχθὲνα
473 3375 481 3389 .
498 3375 506 3390 .
524 3378 531 3394 .

329 3452 504 3532 Postquam
534 3454 647 3534 capitis
672 3467 709 3532 55
734 3455 755 3532 ξ
786 3469 802 3532 3
827 3453 915 3515 initio
944 3438 1031 3533 (οούκ
1060 3455 1220 3535 ἀγνοῶ-
1248 3455 1497 3536 μνησθησόμεθα

241 3561 395 3640 verpere«)
430 3558 593 3620 Diodorus
623 3579 658 3620 se
688 3567 802 3638 postea
830 3559 871 3620 de
902 3557 971 3620 aliis
992 3557 1222 3622 Thessalorum
1252 3561 1388 3623 nominis
1417 3563 1498 3625 veri-

244 3664 359 3744 loquiis
389 3662 562 3725 relaturum
586 3683 657 3726 esse
679 3663 774 3737 dixit,
806 3664 982 3725 secundum
1010 3663 1203 3744 Dionysium
1236 3666 1319 3748 (vide
1348 3666 1499 3749 supra)a

243 3769 360 3831 Medea
381 3787 535 3830 vesanum
557 3768 731 3831 Herculem
753 3777 899 3831 sanatum
923 3787 994 3831 esse
1017 3777 1132 3832 narrat.

330 3889 394 3952 Sed
424 3890 539 3952 indea
569 3892 589 3970 ξ
614 3903 628 3970 5
654 3901 740 3955 certe
763 3891 1021 3972 mythographos
1054 3911 1129 3952 suos
1151 3891 1313 3954 Diodorus
1336 3892 1497 3968 exscribit,

243 3995 333 4076 quod
355 3998 418 4056 iam
440 3996 539 4058 verba
564 3993 609 4056 »ol
628 3994 684 4075 μέν
699 4019 791 4078 φασιν
807 4044 815 4058 .
833 4044 840 4058 .
857 4043 865 4058 .
881 3993 959 4067 τινὲς
973 3993 1006 4056 δὲ
1028 3993 1212 4078 ῖστοροῦσινο
1236 3998 1383 4066 indicant.
1413 3998 1499 4060 Nam

331 4290 367 4358 ⁹2)
386 4293 533 4343 Accuratius
556 4294 646 4343 eadem
669 4295 756 4344 fabula
773 4296 799 4344 in
818 4295 915 4346 scholio
934 4296 966 4344 ad
986 4295 1113 4360 Euripidis
1130 4295 1237 4344 Medeae
1254 4311 1355 4346 versum
1373 4309 1422 4362 297
1440 4299 1500 4350 Par-

243 4383 356 4433 menisco
376 4387 478 4431 auctore
496 4381 606 4434 refertur.
643 4381 681 4432 Cf.
702 4384 789 4435 Udalr.
808 4385 840 4433 de
858 4384 1042 4434 Wilamowitz:
1063 4385 1173 4432 Hermae
1185 4384 1237 4435 vol.
1255 4385 1314 4436 XV.
1333 4403 1359 4451 p.
1377 4387 1425 4452 485
1444 4403 1500 4454 sqq.

1268 4484 1304 4537 2*
