3480 5030
703 425 915 488 ,47-

185 577 319 641 fabulari
343 577 457 649 hausit,
481 583 578 660 atque
601 594 674 636 cum
696 574 852 651 homines,
839 597 939 671 non
939 577 1066 674 populi
1077 576 1259 669 heroes
1214 585 1269 637 aut
1275 574 1439 662 mirabilia
1477 586 1523 680 >p

185 690 329 745 monstra
343 681 521 744 describere
536 679 680 753 voluerit,
704 700 769 741 non
792 681 883 743 nimis
905 683 935 743 vi
937 691 1132 762 t,uperemus
1158 700 1240 760 quae
1253 652 1438 760 Dionysius

185 787 290 862 finxit,
313 807 353 848 ne
376 785 484 848 Crium
508 785 639 866 quidem
661 783 769 846 Phrixi
792 788 1028 868 paedagogum.

271 889 327 953 Sin
355 909 431 952 vero
460 891 540 952 haec
568 889 779 963 concesseris,
810 890 895 953 haud
924 900 957 953 te
986 891 1204 953 dubitaturum
1232 908 1303 950 esse
1332 909 1437 970 sper0,

186 998 262 1077 quin
291 996 453 1058 Diodorus
481 995 608 1056 aliunde
642 994 874 1056 intercalaverit
903 998 934 1057 in
956 995 1093 1076 Dionysi
1123 1003 1326 1074 excerptum,
1358 1013 1440 1073 quae

186 1101 217 1163 in
245 1122 286 1163 eo
321 1101 521 1163 inveniuntur
554 1098 595 1160 ab
625 1099 692 1160 eius
723 1098 988 1176 Argonautarum
1020 1101 1152 1162 historia
1185 1099 1295 1161 aliena.
1347 1096 1440 1177 Quae

187 1205 416 1287 investigemus
448 1214 481 1266 et
515 1205 599 1266 unde
622 1202 771 1266 fluxerint
794 1225 985 1284 quaeramus
1009 1206 1135 1266 iamiam
1159 1224 1290 1266 necesse
1313 1212 1372 1264 est.

271 1311 349 1372 Inde
378 1330 397 1371 a
426 1309 538 1390 capitis
566 1324 605 1384 41
640 1311 660 1388 ξ
686 1325 702 1385 3
737 1310 875 1370 narratio
906 1310 988 1372 bene
1016 1311 1232 1382 continuatur,
1267 1317 1333 1370 tum
1363 1328 1441 1370 vero

186 1415 426 1495 interrumpitur
455 1413 561 1475 verbis
590 1412 653 1474 his:
694 1412 764 1490 »τὴν
791 1410 823 1472 δὲ
851 1423 924 1474 ναῦν
946 1412 1043 1495 Ἀργὼ
1065 1415 1341 1494 προςαγορευθῆναι
1364 1413 1442 1472 κατὰ

186 1519 242 1599 μέν
276 1541 360 1590 τινας
396 1526 456 1578 τῶν
490 1514 701 1598 μυθογράφων
737 1517 796 1577 ἀπὸ
834 1528 888 1579 τοῦ
923 1519 958 1579 τὸ
992 1519 1107 1601 σκάφος
1142 1518 1443 1599 ἀρχιτεκτονήσαντος

188 1615 298 1707 ’Άργου
321 1623 370 1683 καὶ
394 1620 638 1699 συμπλεύσαντος
661 1620 744 1682 ἕνεκα
773 1631 828 1682 τοῦ
849 1623 1029 1704 θεραπεύειν
1058 1623 1102 1683 ἀεὶ
1132 1623 1171 1682 τὰ
1197 1629 1344 1681 πονοῦντα
1365 1619 1441 1703 μέρη

188 1738 242 1807 τῆς
270 1726 356 1801 νεώς,
388 1727 429 1796 ὡς
450 1725 469 1786 δ
475 1721 485 1746 ²
509 1722 579 1785 ἔνιοι
608 1724 741 1806 λέγουσιν
770 1727 829 1787 ἀπὸ
859 1736 913 1806 τῆς
935 1728 1001 1810 περὶ
1024 1728 1059 1788 τὸ
1081 1726 1172 1807 τάχος
1191 1727 1371 1807 ὑπερβολῆς,
1402 1727 1443 1798 ὡς

189 1831 226 1892 δν
259 1841 321 1893 τῶν
355 1831 488 1913 ἀρχαίων
522 1831 614 1913 ἀργὸν
650 1833 685 1892 τὸ
715 1835 792 1912 ταχὺ
822 1831 1127 1915 προςαγορευόντων.<<
1174 1831 1336 1892 Tenemus
1365 1852 1442 1892 vero

192 1937 524 2019 mythographorum,
549 1957 632 2018 quos
654 1937 763 2012 affert,
787 1947 912 2019 partem
936 1938 1074 2019 quidem.
1120 1937 1205 2000 Vide
1228 1937 1312 1998 enim
1333 1936 1442 1998 biblio-

188 2043 317 2105 thecam
346 2062 377 2123 p.
402 2058 452 2124 27,
476 2041 496 2105 l.
525 2057 564 2123 27
588 2063 636 2123 sq.
660 2051 693 2105 et
715 2042 872 2104 scholium
894 2042 1050 2125 Apollon.
1074 2043 1136 2104 Rh.
1160 2042 1183 2104 I.
1205 2059 1243 2119 4;
1273 2052 1443 2124 utrumque

187 2149 399 2229 veriloquium
421 2147 536 2230 legitur
558 2150 644 2230 apud
659 2147 827 2228 Hyginum
848 2148 888 2210 de
912 2156 1030 2215 astron.
1046 2148 1085 2210 II.
1103 2163 1152 2228 37.
1191 2147 1302 2210 Verba
1324 2158 1441 2223 autem,

186 2275 271 2335 quae
292 2255 447 2336 exscripsi
469 2274 501 2336 a
515 2254 675 2334 Dionysio
704 2274 816 2316 revera
843 2274 912 2316 esse
935 2252 1038 2316 aliena
1059 2252 1223 2328 concedet,
1254 2253 1308 2333 qui
1330 2253 1443 2335 legerit

189 2363 238 2440 (41
265 2363 285 2440 ξ
312 2361 349 2440 1),
373 2360 460 2441 apud
482 2358 571 2421 illum
593 2360 742 2422 Iasonem
772 2361 878 2440 ipsum
901 2379 1017 2420 navem
1045 2357 1240 2420 aedificasse.
1284 2359 1334 2421 Ne
1362 2368 1441 2440 apto

188 2466 319 2544 quidem
350 2463 423 2526 loco
453 2464 618 2527 Diodorus
647 2465 889 2527 adnotationem
922 2464 1008 2526 illam
1043 2464 1248 2540 intercalavit,
1281 2486 1356 2528 cum
1379 2467 1440 2545 §2

188 2570 313 2645 heroes
338 2590 474 2648 quorum
494 2569 646 2631 nonnulla
661 2570 791 2632 nomina
806 2569 1018 2650 appellantur,
1035 2569 1203 2631 convenire
1219 2571 1393 2633 narraverit
1409 2580 1441 2632 et

188 2677 297 2738 statim
327 2685 402 2757 post
424 2675 540 2749 verba,
571 2694 654 2756 quae
677 2675 746 2756 ipse
768 2675 894 2736 aliunde
920 2674 1050 2754 addidit,
1073 2683 1197 2756 pergat,
1228 2673 1300 2738 illos
1326 2675 1440 2737 heroes

189 2783 305 2845 ducem
329 2800 455 2844 creasse
476 2779 661 2843 Herculem.

274 2886 359 2950 Tum
388 2887 500 2967 capitis
521 2903 565 2964 44
587 2888 607 2965 ξ
629 2901 651 2962 4
673 2894 784 2966 aperta
806 2884 941 2946 Diodori
969 2884 1173 2965 interpolatio
1196 2883 1320 2965 legitur,
1342 2904 1440 2964 quam

188 2994 256 3073 ipse
275 2991 392 3054 indicat
411 2991 552 3072 gestiens
568 2992 666 3053 docta
680 2990 896 3065 adnotatione,
915 2989 1043 3070 qualem
1059 2990 1217 3052 addidisse
1233 2989 1291 3052 sibi
1306 2989 1438 3052 videtur.

188 3095 421 3176 Mythographi
451 3096 513 3159 hoc
543 3096 616 3158 loco
646 3094 765 3156 laudati
791 3079 890 3157 iidem
918 3104 1008 3170 sunt,
1043 3114 1125 3174 quos
1154 3103 1248 3156 antea
1277 3097 1325 3176 (41
1360 3097 1380 3174 ξ
1409 3095 1440 3174 3)

189 3211 518 3278 commemoraverat;
549 3221 634 3275 nam,
658 3220 741 3280 quae
764 3200 866 3274 affert,
890 3202 1000 3263 itidem
1023 3199 1170 3280 leguntur
1193 3200 1223 3261 in
1246 3199 1440 3263 bibliotheca

189 3328 220 3388 p.
246 3323 296 3385 30,
320 3306 339 3369 l.
367 3323 405 3383 14
427 3327 475 3387 sq.
499 3316 596 3388 atque
619 3307 650 3368 in
673 3304 795 3368 scholio
818 3308 859 3368 ad
882 3306 1036 3387 Apollon.
1057 3305 1097 3367 II.
1124 3306 1242 3385 17819).

296 3489 301 3499 ·
588 3439 589 3442 ’
642 3432 796 3499 Apollodori
813 3433 875 3486 bibl.
896 3451 921 3499 p.
940 3445 982 3496 30,
1069 3432 1148 3482 schol.
1166 3433 1288 3497 Apollon.
1306 3450 1332 3498 p.
1350 3445 1409 3496 399,

268 3489 375 3539 D¹⁰d⁰r'
394 3503 428 3550 44
449 3485 466 3554 ἓ
484 3503 508 3550 4⁰
675 3589 676 3594 1
741 3522 759 3570 l.
783 3536 814 3584 14
831 3538 886 3587 sqq.
1176 3521 1194 3570 l.
1214 3520 1229 3568 8
1248 3536 1303 3585 sqq.

242 3611 291 3664 οὐκ
327 3609 421 3677 ἀγνοῶ
453 3611 484 3664 δὲ
514 3605 588 3663 διότι
664 3613 711 3664 καὶ
736 3612 906 3682 πηρωθῆναί
928 3625 1016 3680 φασιν
1076 3606 1436 3677 πηρωθῆιιαιδὲαύτὸν(εο,

188 3701 261 3760 τινὲς
295 3701 351 3754 τῶν
388 3693 588 3772 μυθογράφων
614 3698 700 3752 αὐτὸν
718 3698 763 3763 (sc.
783 3694 832 3752 τὸυ
849 3699 947 3764 φινία)
1043 3697 1092 3750 τὸν
1109 3698 1208 3764 Φινέα)
1229 3699 1440 3768 ...Σοφοκλῆς

188 3789 374 3859 τυφλωθῆναί
412 3803 484 3859 φασι
522 3787 588 3846 τοὺς
615 3787 693 3840 ortt
715 3785 769 3840 ὑπὸ
791 3783 1016 3858 309602120),dn
1043 3787 1074 3840 δὲ
1087 3785 1130 3840 ὅτι
1141 3787 1207 3846 τοὺς
1217 3787 1246 3840 ἐκ
1257 3780 1439 3855 Κλεοπάτρας

189 3878 322 3937 Φινείδας
341 3873 395 3929 ὑπὸ
411 3887 461 3930 τοῦ
473 3870 587 3946 πατρός,
614 3880 741 3936 πεισθεὶς
758 3879 791 3948 τῇ
808 3879 931 3950 μητρυιᾷ
951 3876 1016 3936 τοὺς
1043 3876 1120 3936 υἱοὺς
1128 3872 1439 3946 ἐτύφλωσεΠαρθὲνιον

189 3970 236 4019 καὶ
254 3965 303 4020 τὸν
317 3970 405 4020 Φινέα
422 3969 470 4031 τῆς
488 3962 589 4038 ὁμοίας
615 3964 706 4024 ϊδίους
735 3962 877 4036 ἐτύφλωσε
901 3966 1014 4024 παῖδας.
1040 3969 1088 4018 καὶ
1122 3959 1273 4035 Κράμβου,
1312 3962 1440 4021 πεισθεὶς

189 4061 284 4123 τυχεῖν
298 4059 447 4130 συμφορᾶς
464 4052 521 4110 ὑπὸ
534 4062 588 4110 Βο-
1040 4054 1186 4120 διαβολαῖς
1202 4049 1305 4113 ’[δαίας
1321 4055 1369 4118 τῆς
1389 4051 1439 4104 αδ·

190 4151 262 4216 ρέου.
592 4155 594 4162 “
1040 4143 1095 4196 τῶν
1111 4142 1255 4213 μητρυιᾶς.

188 4249 393 4258 .-.....-----

275 4296 311 4364 ¹⁹)
339 4301 372 4349 cs.
391 4299 467 4348 etiam
485 4301 553 4364 Hyg.
574 4300 625 4350 lab.
649 4313 687 4363 19.
788 4321 792 4324 ·

275 4385 309 4453 ²⁰)
333 4390 411 4437 verba
430 4388 560 4438 codicum:
581 4391 629 4441 nal
647 4390 703 4441 τῶν
717 4385 911 4458 Ἀργοναυτῶν
929 4387 1014 4452 inepta
1032 4387 1122 4436 delevi.

240 4483 338 4532 Bethe,
354 4480 507 4532 Quaestiones.
1222 4485 1236 4518 2
1292 4485 1296 4490 '
