3438 5028
734 375 945 440 „59-

203 527 319 577 Diodor.
345 528 393 578 111.
418 528 459 590 64.
484 541 507 592 3.
553 527 660 578 Diodor.
678 529 723 579 IV.
743 541 766 578 2.
786 542 810 577 2.
855 531 918 584 bibl.
930 549 956 596 p.
967 532 1008 596 85.
1021 533 1038 583 1.
1051 546 1083 595 29
1094 550 1148 598 sqq.
1211 536 1280 598 Hyg.
1302 533 1357 592 sab,
1382 549 1438 600 179.

203 608 261 674 τὴν
282 607 415 680 δ’Ἥραν
431 614 507 678 ζηλο·
535 610 612 674 δόξαι
644 616 831 682 καταυρονεῖν
885 611 1149 683 ἡιλέἐξαπατηθεῖσα
1176 621 1475 684 quodIunocumresciit,
1512 635 1514 640 '

205 706 357 748 τυποῦσαν
376 699 423 748 καὶ
440 705 508 764 βου·
535 693 625 754 αὐτιῖς.
857 698 912 752 ὑπὸ
935 695 1036 773 Ἥρας,
1066 720 1150 754 κατα·
1176 705 1260 768 specie
1289 704 1419 754 immutata
1447 707 1473 758 in

226 783 349 850 λομένην
368 787 489 852 τιμωρίᾳ
855 781 1078 860 νεύσαντοςαύτη
1085 785 1152 847 Διὸς
1179 785 1297 854 [Beroen]
1319 789 1476 854 nutricemx)

206 870 371 938 περιβαλεῖν
387 865 439 933 τὴν
457 863 508 918 ἄν·
855 873 913 922 πᾶν
925 866 956 922 τὸ
967 873 1083 938 αἰτηθὲν
1093 890 1152 926 ποι·
1178 875 1211 922 ad
1229 889 1284 923 eam
1297 873 1366 922 venit
1381 883 1406 924 et
1417 891 1476 939 per·

207 957 344 1018 θρωπον,
370 949 508 1022 ὀμοιοιθῆ-
832 954 835 962 ’
856 952 940 1020 ησειν,
1178 957 1263 1015 suasit,
1284 967 1311 1006 ut
1328 966 1424 1022 peteret
1442 960 1477 1006 ab

206 1056 256 1090 ναι
285 1041 339 1105 μέν
370 1055 423 1090 τινι
453 1040 508 1091 τῶν
1177 1042 1247 1102 Iove,

207 1119 355 1190 ἀποδοχῆς
406 1140 507 1190 wyla-

208 1211 329 1274 νουσῶν,
349 1204 508 1280 παρακρού-

210 1298 319 1345 σασθαι
375 1292 406 1344 δὲ
457 1287 508 1357 τὴν
1179 1285 1206 1324 ut
1225 1277 1316 1326 eodem
1340 1281 1416 1328 modo
1443 1281 1476 1328 ad

209 1381 354 1449 Σεμέλην’
417 1380 507 1428 εἰπεῖν
1179 1376 1224 1419 58)
1272 1363 1401 1456 (λῦθῦῑῆἆο
1443 1366 1476 1413 ad

210 1459 267 1537 γὰρ
310 1457 380 1530 πρὸς
421 1457 507 1525 αὐτὴν
1179 1445 1303 1494 Iunonem
1314 1456 1418 1504 vemet,
1434 1456 1478 1495 »ut

210 1547 255 1600 ὅτι
303 1550 427 1612 καθῆκον
474 1541 506 1612 ἦν
1179 1529 1343 1592 intellegas«,
1380 1530 1472 1595 inquit,

211 1630 261 1686 τὸν
284 1637 341 1685 Δία
365 1628 437 1700 W&
461 1634 508 1698 τῆς
1181 1629 1262 1678 »quae
1297 1613 1328 1662 sit
1357 1615 1479 1678 voluptas

211 1721 377 1787 ἐπιφανείας
406 1736 436 1771 τε
461 1719 508 1769 καὶ
1179 1712 1237 1744 ⁰³¹⁰
1272 1696 1321 1744 de⁰
1357 1712 1478 1746 mum·

211 1805 293 1875 τιμῆς
301 1808 446 1857 ποιεῖσθαι
458 1797 509 1868 τὴν
1179 1781 1263 1831 bem·

213 1887 337 1960 ὁμιλίαν,
357 1876 427 1962 ᾗπερ
437 1890 508 1959 χρῆ·
712 1888 715 1894 ’

200 1981 259 2029 ’ται
276 1974 347 2028 κατὰ
370 1970 420 2040 τὴν
439 1969 508 2040 πρὸς

213 2059 264 2126 τὴν
273 2059 362 2130 Ἦραν
374 2075 509 2127 συμπερι-

150 2173 153 2176 ·
214 2141 318 2216 φοράν.

250 2244 296 2299 ιλιὸ
316 2249 362 2300 καὶ
381 2243 432 2298 τὸν
458 2245 510 2316 μὲν
570 2240 668 2319 διόπερ
685 2241 735 2298 ὑπ’
751 2241 834 2309 αὐτῆς
859 2250 975 2300 αἰτεῖται
1028 2255 1158 2303 τοιοῦτον
1251 2254 1336 2318 itaque
1380 2257 1481 2307 Semele

215 2338 288 2396 Δία,
315 2332 361 2398 τῆς
386 2333 512 2398 Σεμέλης
539 2332 757 2400 παρακληθῆναι
786 2328 835 2389 τὰς
860 2329 946 2386 αὐτὸν
968 2333 1077 2397 ἐλθεῖν,
1098 2327 1157 2396 οἶος
1184 2337 1256 2400 petiit
1274 2355 1289 2388 a
1307 2341 1375 2400 Iove,
1399 2352 1426 2391 ut
1444 2345 1481 2391 ita

215 2415 346 2483 ἀξιούσης
361 2410 513 2485 τυγχάνειν
540 2411 692 2476 ἐπιπλοκὰς
735 2411 835 2484 ὁμοίας
862 2407 1157 2486 ἦλθεμνηστευόμενος
1183 2422 1278 2472 veniret
1296 2423 1329 2473 ad
1347 2441 1381 2475 se.

215 2505 274 2557 τῶν
293 2499 447 2572 ἴσωνἪρᾳ
472 2520 513 2551 τι·
540 2505 686 2554 ποιεῖσθαι
699 2500 837 2573 ταῖςπρὸς
856 2499 954 2571 Ἥραν,
980 2503 1050 2559 Ζεὺς
1069 2502 1099 2554 ιλέ
1117 2500 1156 2575 μὴ

214 2587 287 2660 μῶν,
540 2583 836 2658 τηνἭρανσυμπερι-
863 2582 1019 2657 δυνάμενος
1041 2584 1157 2642 ἀνανεῦ-

543 2673 652 2742 φοραῖς.
864 2689 918 2736 σαι,

217 2776 430 2845 παραγενέσθαι
443 2790 512 2844 μετα
576 2767 626 2826 τὸν
679 2773 733 2841 μὲν
785 2767 835 2827 οὖν
863 2778 1044 2846 παραγίνεται
1058 2779 1097 2835 είς
1106 2772 1156 2828 τὸν
1236 2779 1293 2841 Qua
1307 2795 1332 2829 re
1345 2781 1502 2845 impetrata·

217 2861 344 2932 βροντῶν
386 2862 435 2912 καὶ
471 2877 515 2912 κε·
542 2861 598 2912 Δία
677 2857 836 2930 παραγενό-
891 2855 1024 2931 θιλλαμον
1045 2855 1127 2922 αὐτῆς
1183 2863 1251 2912 Iovis
1281 2880 1338 2914 cum
1371 2864 1481 2915 fulmine

218 2949 339 3020 ραυνῶη,
541 2957 630 3014 μενον
671 2946 837 3013 θεοπρεπῶς
862 2939 1158 3019 αἷστραπαῖςὸμοῦκιιὶ
1184 2955 1209 2996 et
1226 2949 1359 2999 tonitribus
1376 2951 1446 2999 venit

379 3045 381 3050 ’
541 3023 612 3097 μετὰ
641 3027 764 3096 βροντῶν
790 3031 837 3081 καλ
863 3029 1007 3102 βρονταῖς,
1043 3034 1089 3082 καλ
1116 3047 1158 3082 κε·

542 3108 692 3182 ἀστραπῶν
729 3113 837 3183 ἐπιφα-
863 3114 969 3182 ραονὸν
988 3117 1071 3180 ἵησιν.
1218 3107 1220 3110 ’

520 3199 593 3255 -νῶς
617 3201 761 3250 ποιεῖσθαι
787 3193 837 3265 τὴν

542 3286 708 3336 συνουσίαν·

222 3385 275 3454 τὴν
286 3387 315 3440 δὲ
330 3388 453 3457 Σεμέλην
466 3381 518 3452 οὐχ
581 3382 630 3450 τὴν
656 3385 687 3437 ιλὲ
712 3386 840 3453 Σεμέλην
899 3389 1023 3454 Σεμέλης
1051 3387 1083 3440 δὲ
1110 3382 1157 3438 διὰ
1185 3397 1210 3437 et
1236 3388 1353 3438 Semelen
1386 3389 1480 3437 confla·

247 3473 443 3542 ὑπομείνασαν
460 3467 491 3525 τὸ
547 3471 647 3540 ἔγκυον
677 3463 763 3522 οὖσαν
793 3472 839 3520 καλ
865 3469 914 3524 τὸν
925 3468 1017 3540 φόβον
1029 3469 1159 3525 ἐκλιποὺ-
1186 3472 1274 3536 gravit.
1295 3473 1334 3522 Ex
1343 3482 1414 3522 utero
1426 3473 1482 3522 eius

222 3564 344 3631 μέγεθος
368 3559 416 3622 τῆς
438 3575 518 3628 περι·
545 3556 839 3626 τὸμέγεθοςτῆςπερι-
867 3572 923 3623 σης,
939 3557 1115 3628 ἑξαμηνιαῖον
1127 3553 1158 3610 τὸ
1185 3559 1263 3608 Liber
1280 3565 1317 3606 est
1334 3566 1417 3607 natus.

223 3639 345 3703 στάσεως
358 3643 518 3707 τελευτῆσαι
546 3635 667 3700 στάσεως
693 3636 743 3691 οὐκ
767 3637 840 3706 ἐνέγ·
866 3646 970 3710 βρέφος
980 3642 1160 3711 ἐξαμβλωθὲν

223 3733 268 3781 καὶ
295 3727 324 3780 τὸ
349 3733 452 3800 βρέφος
475 3726 519 3777 ἐκ·
546 3741 635 3779 κασαν
654 3723 684 3776 τὸ
706 3724 759 3796 μέν
780 3726 841 3792 βρέ-

223 3817 327 3885 τρῶσαι
340 3812 394 3880 πρὸ
409 3813 459 3865 τοῦ
471 3831 518 3864 κα·
547 3829 601 3880 (μσς
619 3809 766 3879 ἐκτρῶσαι,
787 3808 841 3862 ὑπὸ

223 3895 358 3968 θήκοντος
373 3895 487 3971 χρόνου.
547 3896 578 3950 ιλὲ
591 3895 641 3948 τοῦ
654 3894 745 3965 πυρὸς
757 3891 842 3963 αὒτὴν

548 3984 714 4046 τελευτῆσαι.
1240 4045 1243 4051 Ι

1237 4051 1259 4114 1)
1272 4051 1372 4099 Nomen
1381 4050 1483 4099 videtur

1185 4135 1364 4199 interpolatum
1382 4151 1435 4184 esse
1449 4151 1481 4184 ex

1185 4219 1271 4269 Ovidii
1315 4229 1374 4270 met.
1427 4221 1479 4270 111.

1183 4321 1207 4354 v.
1235 4304 1293 4366 278.
1337 4305 1388 4353 Sed
1415 4304 1480 4352 nihil

1185 4398 1282 4452 praeter
1300 4404 1401 4439 nomen.
