3480 5030
212 668 377 746 quaesivit,
402 687 478 729 num
501 665 637 730 fortasse
660 668 691 728 in
714 665 854 730 frustulis
876 669 1165 750 mythographicae
1188 670 1352 732 doctrinae
1368 691 1469 751 usque

212 774 253 832 nd
276 781 418 834 nostram
442 781 583 834 aetatem
606 779 753 833 servatae
775 772 1004 847 invenirentur,
1039 793 1123 853 quae
1144 794 1187 835 ex
1210 773 1291 837 illius
1314 775 1470 838 thesauris

213 877 380 958 diligenter
413 878 533 938 coactis
568 877 792 940 manavissent.
838 877 932 939 Nova
965 897 1042 938 vero
1080 898 1117 939 ac
1154 899 1230 940 sane
1265 881 1375 959 gravia
1409 880 1468 943 sibi

214 982 337 1044 videtur
368 981 501 1043 eruisse:
537 1001 612 1043 nam
647 1001 710 1042 non
741 983 839 1043 modo
868 977 975 1042 omnia
1003 1002 1122 1062 paene,
1157 1004 1240 1063 quae
1274 983 1395 1046 scholia
1428 987 1468 1046 ad

214 1075 436 1168 Apollonium,
460 1086 501 1147 ad
523 1085 685 1165 Euripidis
708 1085 867 1159 Medeam,
892 1085 932 1146 ad
953 1085 1078 1148 Pindari
1100 1086 1251 1166 Pythium
1275 1108 1403 1150 carmen
1420 1088 1467 1150 IV

213 1193 252 1254 de
276 1179 537 1276 Argonautarum
568 1189 699 1251 historia
728 1190 857 1251 tradunt
886 1191 928 1271 (p.
961 1207 1049 1273 2sq.
1082 1200 1114 1252 et
1146 1207 1179 1268 31
1207 1191 1284 1272 sq.),
1320 1201 1353 1254 et
1386 1214 1468 1274 quae

213 1299 252 1360 de
282 1281 411 1359 Baccho
442 1295 492 1357 vel
523 1293 657 1356 Bacchis
685 1293 848 1356 Diodorus
878 1315 897 1356 a
926 1294 995 1366 libri
1018 1296 1063 1357 III
1093 1297 1199 1377 capite
1226 1296 1266 1357 62
1296 1318 1398 1378 usque
1426 1301 1468 1361 ad

213 1403 280 1464 libri
310 1402 358 1463 IV
390 1410 488 1482 caput
517 1414 531 1477 5
563 1396 658 1459 refert
686 1399 730 1480 (p.
753 1399 823 1479 46),
857 1409 954 1478 atque
982 1398 1078 1462 Siculi
1110 1401 1179 1463 libri
1209 1401 1223 1462 I
1254 1421 1318 1463 non
1350 1423 1467 1483 parvas

212 1517 319 1588 partes
354 1509 396 1588 (p.
436 1504 574 1586 47—56)
611 1504 651 1565 ad
688 1503 881 1584 Dionysium
918 1505 1040 1579 retulit,
1083 1507 1140 1568 sed
1179 1509 1276 1568 etiam
1316 1509 1469 1570 audacter

212 1611 287 1676 cont
290 1634 324 1675 ra
275 1607 580 1683 tFridericumG.
589 1607 742 1669 Welcker
756 1607 928 1689 professus,
945 1610 1138 1691 Dionysium
1155 1610 1235 1693 Scyt
1223 1611 1466 1675 tobrachionem

213 1741 232 1781 a
261 1714 481 1798 cyclographo
511 1734 575 1776 non
605 1733 675 1777 esse
705 1714 951 1786 discernendum
983 1717 1088 1797 (p.57
1092 1717 1272 1798 ,59),sta
1223 1718 1333 1779 suatit
1361 1730 1456 1798 p.59

213 1823 502 1904 Mytilenaeumu
472 1829 592 1883 »totam
608 1818 672 1881 hist
659 1819 774 1881 toriam
792 1819 970 1883 labularem
992 1733 1088 1884 inde7
1088 1841 1107 1883 a
1130 1822 1238 1883 mundi
1262 1823 1348 1884 initio
1366 1843 1467 1904 usque

212 1931 252 1992 ad
275 1928 394 1990 bellum
418 1925 594 2006 Trojanum
618 1923 880 2006 Argivorumque
910 1927 1029 1988 reditus
1057 1925 1231 1988 rationibus
1262 1930 1468 2010 pragmaticis

212 2055 309 2114 quam
339 2031 525 2112 saepissime
555 2029 703 2093 adhibitis
731 2029 783 2091 vel
811 2029 926 2092 sabulis
956 2031 1090 2093 vetustis
1120 2035 1398 2096 commemoratis«
1437 2036 1467 2096 in

212 2139 306 2220 cyclo
335 2157 405 2199 esse
435 2134 660 2216 complexum,
700 2135 753 2216 qui
787 2145 920 2217 propter
948 2135 1060 2198 crebra
1088 2135 1252 2216 epicorum
1283 2140 1467 2200 testimonia

214 2244 337 2325 primus
363 2241 508 2322 »epicus«
539 2247 624 2301 esset
646 2240 758 2302 dictus.
803 2241 914 2322 Atque
944 2241 1033 2303 multi
1064 2249 1096 2303 et
1125 2263 1258 2323 sagaces
1287 2243 1344 2305 viri
1373 2245 1469 2306 docta

213 2348 483 2411 commentatione
505 2346 589 2426 capti
613 2345 643 2406 in
666 2345 732 2407 eius
755 2348 945 2409 sententiam
968 2346 1104 2428 pedibus
1127 2348 1258 2410 iverunt.

298 2451 379 2514 Cum
413 2445 520 2514 autem
553 2471 604 2512 res
637 2469 701 2511 non
734 2450 838 2512 solum
873 2458 913 2514 ad
946 2453 1081 2514 Diodori
1117 2452 1221 2515 sontes
1257 2475 1330 2515 cum
1365 2452 1467 2515 fructu

212 2559 397 2620 tractandos
421 2565 573 2644 recteque
596 2555 838 2636 distinguendos
861 2558 976 2619 summi
996 2559 1150 2620 momenti
1169 2560 1217 2633 sit,
1242 2559 1468 2622 verumetiam

213 2667 254 2727 ad
282 2673 384 2726 totam
414 2663 580 2724 historiam
609 2659 785 2723 fabularem
808 2662 1025 2737 iudicandam,
1060 2661 1107 2724 sas
1139 2683 1209 2725 esse
1239 2677 1334 2745 put0‚
1370 2684 1467 2743 quam

214 2769 448 2832 accuratissime
463 2769 655 2841 examinare,
680 2787 762 2846 quae
777 2767 946 2830 Eduardus
962 2766 1124 2829 Schwartz
1140 2769 1313 2835 contendit.
1357 2768 1470 2847 Itaque

215 2876 310 2938 liceat
331 2875 407 2936 mihi
431 2871 566 2934 sortasse
589 2872 640 2934 vel
663 2872 776 2947 fusius,
809 2893 906 2952 quam
928 2873 990 2934 hoc
1013 2873 1085 2935 loco
1108 2882 1219 2953 aptum
1243 2875 1403 2948 videatur,
1428 2875 1468 2936 de

215 2981 372 3044 sententia
395 2979 566 3052 disserere,
590 2998 686 3059 quam
708 2979 756 3040 vir
778 2978 829 3042 ille
852 2981 966 3041 doctus
989 2981 1029 3041 de
1052 2977 1280 3059 Argonauticis
1302 2977 1382 3040 tulit.

299 3087 359 3148 Est
380 3094 488 3148 autem
510 3083 605 3146 haec:
629 3083 809 3146 Diodorum
833 3085 863 3146 in
878 3072 1140 3166 Argonautarum
1162 3083 1271 3147 fabula
1294 3086 1470 3148 enarranda

216 3193 285 3272 (IV.
309 3213 336 3254 c.
361 3191 496 3272 40—56)
525 3189 700 3269 »Dionysio
723 3189 921 3270 Mytilenaeo
944 3211 1036 3252 usum
1059 3211 1129 3252 esse
1152 3192 1234 3253 adeo
1258 3191 1356 3253 firmis
1380 3209 1469 3272 argu·

218 3299 331 3360 mentis
353 3297 549 3358 Fridericum
573 3294 611 3358 G.
635 3295 787 3358 Welcker
809 3296 980 3376 probasse,
1012 3305 1047 3359 ut
1077 3317 1178 3379 usque
1208 3300 1248 3361 ad
1277 3297 1361 3359 hunc
1384 3297 1469 3358 diem

217 3424 330 3466 omnes
360 3403 428 3463 viro
457 3401 697 3482 incomparabili
727 3402 961 3464 adsentirentur
997 3423 1035 3464 ac
1068 3403 1191 3466 fabulas
1221 3403 1468 3486 Argonauticas,

215 3529 295 3591 quas
317 3529 336 3570 a
358 3507 472 3570 ceteris
487 3505 683 3569 Graecorum
707 3506 821 3569 sabulis
844 3508 1001 3588 sepositas
1024 3529 1087 3570 uno
1110 3518 1221 3572 tenore
1242 3510 1314 3572 inde
1330 3529 1348 3570 a
1365 3507 1472 3569 Peliae

217 3615 369 3677 mandato
392 3632 493 3692 usque
516 3613 556 3674 ad
580 3612 716 3676 Medeae
737 3615 768 3674 in
790 3613 905 3674 Asiam
926 3613 1062 3675 reditum
1085 3616 1247 3678 Diodorus
1270 3624 1404 3688 enarrat,
1428 3614 1469 3674 ad

177 3721 179 3727 ⁸
217 3741 313 3782 unam
344 3739 457 3781 omnes
487 3740 505 3781 e
535 3719 693 3798 Dionysio
724 3727 869 3799 sumptas
900 3737 970 3779 esse
1000 3721 1210 3802 constaret³>3
1249 3743 1321 3784 cum
1362 3729 1470 3782 autem
1544 3775 1548 3779 .

181 3837 184 3904 ζ
218 3827 381 3888 Diodorus
409 3825 477 3906 ipse
507 3826 608 3898 dicat,
637 3825 830 3904 Dionysium
853 3834 997 3886 veterum
1021 3836 1189 3905 poetarum
1213 3829 1470 3909 scriptorumque

180 3910 185 3944 ⁵
217 3931 399 3994 testimonia
428 3939 592 4012 apponere
622 3930 750 3991 solitum
784 3950 869 4003 esse,
903 3929 1080 3993 fabularum
1111 3933 1356 4015 discrepantias,
1387 3952 1470 4012 quae

302 4119 324 4189 3)
353 4123 419 4171 Sane
441 4137 515 4186 supra
539 4123 616 4171 ullam
634 4121 818 4170 dubitationem
835 4123 975 4171 Fridericus
996 4125 1028 4172 G.
1050 4123 1168 4172 Welcker
1187 4124 1381 4185 demonstravit,
1407 4123 1470 4172 Dio·

217 4215 308 4262 dorum
322 4211 474 4272 Mytilenaeo
492 4227 565 4260 usum
584 4226 636 4260 esse
648 4209 780 4271 Dionysio,
800 4225 853 4258 non
867 4211 973 4271 Milesio,
993 4212 1038 4260 sed
1053 4218 1133 4260 totam
1147 4212 1255 4261 Diodori
1273 4213 1305 4261 de
1317 4212 1472 4276 Argonautis

217 4302 384 4350 narrationem
414 4315 444 4348 ex
473 4301 516 4349 illo
544 4299 644 4348 fluxisse
670 4314 752 4363 neque
778 4298 815 4346 vir
841 4299 883 4348 ille
909 4299 1067 4349 doctissimus
1091 4300 1235 4360 contendit,
1268 4308 1292 4349 et
1315 4301 1471 4350 Christianus

215 4391 247 4440 G.
268 4391 358 4450 Heyne
382 4389 472 4438 diserte
498 4387 681 4445 »Diodorum«
708 4386 798 4450 inquit,
826 4387 866 4435 »in
890 4387 928 4435 his
946 4388 1070 4437 nonnulla
1087 4388 1138 4437 sive
1162 4388 1195 4438 de
1220 4405 1266 4438 suo
1291 4389 1342 4438 sive
1365 4406 1395 4438 ex
1414 4389 1468 4439 aliis

212 4479 386 4543 interposuisse
404 4492 456 4525 non
474 4489 580 4539 negem«
601 4475 638 4538 (in
656 4476 722 4524 Lud.
740 4474 854 4523 Dindorf
874 4476 982 4525 Diodori
999 4476 1115 4526 editionis
1133 4477 1184 4526 vol.
1203 4481 1215 4527 Ι
1233 4495 1258 4543 p.
1277 4476 1383 4542 XCIV).
