3438 5028
778 1509 947 1582 CAPUT
975 1509 1009 1580 V

263 1712 323 1803 ΒΕ
366 1709 647 1804 conpertum
694 1709 965 1803 fralmus
1011 1710 1265 1803 Historiae
1307 1710 1516 1803 nlonono

741 1862 1035 1956 ΑΝΤΙΠΙΙΙΟΒΕ
1181 1863 1182 1866 ‘

361 2309 571 2388 perlustratis
593 2319 728 2382 Diodori
752 2320 1033 2401 mythographicis,
1061 2340 1258 2401 quamquam
1281 2341 1346 2383 non
1369 2322 1518 2384 omnibus

258 2431 337 2493 locis
360 2427 565 2508 quaestiones
587 2424 719 2487 feliciter
740 2427 780 2487 ad
796 2425 893 2488 finem
914 2427 1088 2507 perducere
1111 2426 1206 2499 licuit,
1230 2434 1339 2488 tamen
1362 2425 1515 2488 nonnulla

258 2535 335 2598 mihi
357 2531 501 2596 effecisse
523 2531 634 2593 videor
650 2531 691 2592 ad
713 2531 847 2592 Diodori
871 2531 1065 2612 compilandi
1089 2533 1245 2594 rationem
1269 2530 1382 2593 melius
1405 2530 1515 2594 intelli-

258 2640 399 2723 gendam
429 2646 461 2699 et
491 2637 532 2698 ad
561 2634 665 2699 fontes
697 2635 805 2716 paullo
839 2637 1017 2698 accuratius
1046 2637 1320 2726 cognoscendos,
1338 2636 1455 2716 quibus
1487 2636 1518 2696 in

176 2750 179 2757 “
259 2745 340 2807 libro
363 2741 411 2804 IV
441 2761 517 2802 usus
540 2749 598 2802 est.
643 2741 944 2816 Demonstravimus
973 2742 1074 2816 enim,
1105 2741 1291 2803 historicum
1322 2761 1386 2804 non
1417 2741 1518 2804 modo

260 2870 325 2912 non
361 2847 530 2928 diligenter
562 2854 709 2908 auctores
743 2865 819 2906 suos
856 2847 1051 2922 describere,
1088 2867 1200 2908 verum
1233 2848 1330 2908 etiam
1368 2867 1407 2908 ne
1439 2863 1519 2927 pure

261 2955 391 3036 quidem
413 2951 538 3025 referre,
563 2951 651 3029 quod
679 2951 848 3030 excerpsit,
872 2952 930 3013 sed
948 2972 1045 3033 saepe
1062 2951 1188 3014 aliunde
1203 2951 1405 3033 interpolare,
1430 2950 1519 3031 quod

261 3060 289 3121 ei
312 3067 425 3139 aptum
447 3057 580 3128 videtur,
605 3055 704 3116 modo
728 3057 839 3130 tacite,
864 3059 963 3118 modo
986 3057 1100 3119 additis
1123 3057 1243 3119 verbis:
1280 3053 1366 3116 »ἔνιοι
1387 3053 1436 3116 dd«
1466 3063 1521 3118 aut

262 3163 425 3236 similibus
449 3171 545 3244 atque
569 3159 692 3223 fabulas
716 3161 796 3223 inter
818 3182 853 3224 se
877 3163 1044 3243 oppositas
1066 3164 1293 3237 contaminare,
1317 3171 1353 3223 ut
1368 3162 1519 3223 evaderet

262 3268 403 3342 historia,
429 3286 512 3346 quae
531 3287 594 3328 una
617 3274 649 3328 et
671 3267 822 3328 continua
841 3267 974 3329 videtur.
1019 3267 1133 3347 Neque
1165 3268 1259 3330 valde
1288 3267 1519 3346 vituperandus

262 3381 327 3449 est,
362 3359 512 3434 simodo
548 3371 589 3433 ab
622 3371 689 3432 eius
718 3382 810 3452 parte
840 3392 907 3434 rem
936 3371 1184 3435 consideramus.
1240 3374 1399 3436 Persuasit
1432 3376 1518 3438 enim

263 3478 332 3553 sibi,
363 3497 474 3550 revera
503 3476 617 3538 heroes
646 3477 765 3539 vixisse
792 3487 824 3539 et
854 3496 972 3557 magna
1000 3475 1155 3550 facinora,
1192 3487 1227 3540 ut
1255 3478 1402 3541 homines
1432 3481 1517 3542 adiu-

261 3592 383 3658 varent,
407 3580 594 3664 perfecisse;
618 3581 663 3644 ait
678 3583 762 3644 enim
779 3603 830 3645 ex.
849 3604 897 3664 gr.
913 3582 972 3646 IV.
992 3599 1017 3656 1,
1035 3598 1068 3644 2:
1097 3581 1241 3664 »μέγιστα
1254 3583 1312 3665 γὰρ
1326 3585 1377 3644 καὶ
1392 3588 1518 3648 πλεῖστα

260 3684 519 3768 συνετελέσθησαν
548 3685 670 3768 πράξεις
697 3686 755 3747 ὑπὸ
783 3697 844 3748 τῶν
873 3685 980 3770 ἡρώων
1008 3708 1041 3746 τε
1069 3689 1120 3748 καὶ
1153 3686 1292 3767 ἡμιθέων
1321 3690 1371 3749 καὶ
1400 3694 1519 3751 πολλῶν

261 3795 359 3854 ἄλλων
380 3795 509 3875 ἀγαθῶν
530 3791 664 3874 ἀνδρῶν·
692 3785 734 3853 ὧν
755 3793 806 3853 διὰ
828 3794 883 3866 τὰς
912 3792 1011 3865 κοινὰς
1033 3793 1198 3876 εὐεργεσίας
1228 3791 1255 3855 οἱ
1276 3794 1518 3877 μεταγενέστεροι

260 3900 330 3970 τους
350 3895 407 3978 μὲν
428 3895 569 3975 ἰσοθέοις,
599 3897 669 3967 τοὺς
690 3895 723 3957 ‹5'
746 3898 890 3980 ἡρωικαῖς
912 3898 1035 3970 θυσίαις
1057 3897 1209 3978 ἐτίμησαν,
1240 3885 1357 3972 ττάντας
1378 3897 1406 3961 rl‘
1429 3901 1518 3978 ὁτῆς

262 4003 399 4086 ἱστορίας
426 4002 512 4085 λόγος
540 4007 603 4073 τοῖς
630 4002 818 4082 καθήκουσιν
847 3991 976 4076 ἐπαίνοις
1006 4004 1046 4076 εἰς
1074 4004 1127 4064 τὸν
1162 4002 1257 4063 αἰῶνα
1289 4006 1512 4086 καθύμνησεν.«

261 4109 343 4172 Cum
367 4120 474 4171 autem
496 4108 628 4182 videret,
653 4107 753 4170 multa
776 4108 970 4172 incredibilia
992 4107 1099 4171 referri
1116 4117 1148 4171 et
1164 4107 1264 4171 multa
1279 4109 1320 4171 ab
1335 4110 1403 4173 aliis
1426 4112 1517 4173 aliter

261 4215 391 4290 narrari,
414 4215 555 4295 pessime
578 4213 831 4293 antiquissimam
861 4215 948 4277 illam
976 4213 1141 4276 historiam
1170 4215 1321 4276 traditam
1350 4236 1420 4278 esse
1443 4236 1514 4278 con·

260 4319 428 4394 eludebat,
458 4320 553 4400 igitur
582 4319 722 4381 historici
750 4340 836 4396 esse,
869 4330 902 4383 et
931 4318 1124 4382 incredibilia
1155 4321 1196 4382 ad
1225 4321 1403 4384 communis
1431 4321 1514 4382 vitae
