3438 5028
764 372 975 452 „76-

233 541 298 602 iam
317 540 553 604 adnotavimus.
598 541 672 624 Ipse
695 551 803 604 autem
827 542 974 605 Herculis
996 543 1038 605 ad
1060 542 1178 606 inferos
1200 543 1373 607 descensus
1396 544 1498 626 Apol-

233 644 350 708 lodoro
383 644 471 708 haud
502 646 704 732 dissimiliter!
726 646 876 710 refertur:
915 667 990 710 nam
1021 647 1196 711 Herculem
1222 659 1318 736 antea
1347 650 1499 713 Eleusine

233 750 463 830 mysteriorum
486 751 674 833 participem
698 750 817 815 lactum
847 771 918 814 esse
951 753 1048 815 etiam
1078 753 1109 814 in
1139 753 1335 817 bibliotheca
1361 754 1499 835 legimus

232 876 266 936 p.
290 854 333 916 66
356 853 375 917 l.
405 869 439 934 15
465 875 537 937 sqq.
569 865 601 919 et
633 878 695 920 una
725 879 800 920 cum
831 855 973 920 Cerbero
1000 856 1165 921 Theseum
1196 867 1228 921 et
1257 858 1433 922 Pirithoum
1456 861 1499 922 ad

232 979 371 1040 superos
392 961 568 1035 reduxisse,
599 971 635 1025 ut
662 963 827 1025 Diodorus
854 964 897 1025 ita
927 962 1078 1044 Hyginus
1101 963 1210 1027 sabula
1232 979 1274 1046 79
1296 966 1400 1028 tradit.
1444 964 1498 1027 Ac

231 1065 407 1140 Diodorus,
431 1067 485 1145 qui
508 1065 614 1128 herois
637 1068 668 1129 in
689 1069 823 1130 deorum
845 1068 958 1130 hortos
981 1069 1023 1130 ad
1038 1067 1235 1151 Hesperides
1255 1069 1498 1151 expeditionem

233 1168 376 1242 referret,
401 1167 524 1233 fontem
552 1172 859 1254 mythographicum
882 1174 967 1248 adiit,
991 1173 1080 1237 cuius
1103 1171 1238 1236 frustula
1254 1173 1285 1235 in
1301 1174 1498 1256 Apollodori

232 1273 422 1354 Hyginique
444 1276 644 1357 compendiis
666 1287 699 1340 et
716 1277 844 1341 scholiis
860 1279 1138 1360 deprehendimus
1175 1277 1365 1360 Antequam
1387 1289 1498 1342 autem

231 1381 274 1441 ad
296 1379 431 1442 Diodori
456 1382 671 1445 narrationem
694 1382 781 1446 illam
804 1383 1004 1457 accedamus,
1029 1382 1244 1445 bibliothecae
1265 1404 1297 1464 p.
1313 1384 1357 1460 64
1378 1384 1400 1449 l.
1416 1402 1437 1464 9
1455 1421 1497 1432 -

231 1505 264 1565 p.
288 1483 330 1544 66
361 1482 380 1545 l.
406 1485 424 1546 8
456 1505 529 1547 cum
560 1486 683 1549 scholio
714 1489 755 1550 ad
785 1486 942 1571 Apollon.
972 1487 1034 1549 Rh.
1058 1487 1116 1549 IV.
1149 1488 1229 1566 1396
1257 1483 1496 1570 comparemus.

231 1590 304 1653 Iam
335 1590 421 1652 enim
447 1587 583 1653 Carolus
614 1591 787 1674 Robertu)
819 1593 1059 1667 animadvertit,
1090 1612 1129 1654 ea
1163 1613 1246 1674 quae
1274 1593 1447 1656 scholiasta
1478 1617 1496 1658 e

231 1695 422 1775 Pherecyde
452 1694 590 1776 profert,
621 1717 696 1759 cum
726 1696 935 1779 Apollodoro
963 1698 1091 1779 saepius
1113 1698 1196 1761 bene
1218 1700 1414 1775 consentire;
1438 1700 1497 1761 sed

231 1801 432 1865 monendum
449 1810 507 1874 est,
532 1801 632 1862 modo
648 1801 900 1882 Apollodorum,
924 1803 1023 1863 modo
1046 1802 1253 1864 scholiastam
1277 1805 1396 1866 addere
1419 1823 1496 1866 non·

230 1906 328 1980 nulla,
353 1925 436 1985 quae
458 1905 540 1969 alter
561 1906 699 1967 omittat.
744 1905 870 1968 Eadem
884 1926 996 1968 verum
1012 1908 1109 1969 etiam
1124 1907 1288 1970 doctrinae
1304 1907 1438 1971 frustula
1453 1909 1496 1972 ab

232 2021 370 2089 utroque
391 2013 638 2092 adsperguntur.
667 2010 822 2090 Legimus
838 2011 923 2072 enim
945 2011 977 2072 in
999 2011 1194 2074 bibliotheca
1215 2033 1246 2093 p.
1262 2013 1303 2089 64
1327 2014 1346 2075 l.
1369 2030 1401 2076 11
1421 2034 1495 2095 sqq.

230 2115 328 2198 (sicut
357 2115 454 2177 ctiam
484 2116 515 2177 in
546 2116 668 2196 Hygini
699 2114 808 2176 fabula
843 2131 891 2193 30,
919 2133 950 2176 11
985 2126 1018 2178 et
1044 2137 1075 2198 p.
1108 2134 1145 2178 12
1176 2118 1195 2179 l.
1231 2134 1272 2180 20
1294 2138 1342 2197 sq.
1372 2118 1422 2180 ed.
1448 2118 1492 2180 M.

231 2217 401 2300 Schmidt),
425 2219 609 2292 draconem,
634 2221 688 2299 qui
704 2219 920 2300 Hesperidum
943 2221 1027 2284 mala
1050 2223 1250 2296 servavisset,
1274 2221 1374 2285 filium
1397 2221 1496 2285 fuisse

21 2348 179 2420 &-
231 2324 403 2406 Typhonis
434 2332 467 2386 et
496 2324 677 2399 Echidnae,
709 2333 838 2387 centum
867 2326 973 2407 capita
1001 2325 1166 2401 habuisse,
1198 2326 1306 2389 multis
1335 2327 1495 2409 variisque

231 2429 346 2510 linguis
377 2447 448 2490 esse
479 2449 582 2491 usum.
624 2429 757 2492 Prorsus
790 2431 876 2492 idem
908 2429 1025 2512 legitur
1058 2430 1088 2492 in
1118 2430 1241 2494 scholio
1272 2431 1495 2512 Apolloniano

231 2558 261 2616 p.
289 2548 349 2614 524
380 2534 400 2596 l.
429 2550 441 2594 1
468 2553 530 2613 sq:
566 2534 750 2617 »ἐφύλασσεν
779 2533 813 2596 δὲ
842 2535 921 2596 αὐτὰ
952 2533 1020 2617 ὄφις
1050 2534 1066 2595 ὁ
1097 2539 1243 2618 Τυφῶνος
1273 2536 1323 2596 καὶ
1346 2533 1494 2618 Ἐχίδνης,

230 2637 309 2720 ἔχων
331 2638 465 2722 κεφαλὰς
486 2633 594 2700 ἑκατὸν
615 2639 665 2699 καὶ
689 2640 791 2722 φωνὰς
813 2639 967 2716 παντοίας,
990 2649 1165 2722 postquam
1188 2641 1251 2703 iam
1271 2641 1360 2704 initio
1382 2662 1414 2724 p.
1434 2656 1494 2722 522

232 2746 252 2807 l.
278 2758 314 2823 25
340 2744 514 2806 draconem
538 2743 709 2825 Typhonis
740 2743 840 2807 filium
864 2742 960 2805 fuisse
986 2764 1028 2806 ex
1051 2743 1197 2808 Hesiodo
1220 2747 1411 2808 adnotatum
1434 2757 1493 2809 est.

232 2849 378 2912 Hesiodo
401 2859 509 2911 autem
533 2848 665 2912 laudato
687 2849 782 2913 affert
811 2849 985 2912 scholiasta
1007 2848 1175 2931 Agroetae
1198 2851 1494 2934 interpretationem

232 2954 370 3029 fabulae,
395 2974 492 3035 quem
514 2956 597 3034 μῆλα
620 2952 673 3016 illa
695 2955 726 3016 in
748 2955 856 3035 Libya
878 2955 997 3017 dixisse
1011 2975 1054 3017 ex
1070 2975 1110 3019 eo
1126 2955 1273 3018 concludi
1296 2956 1379 3031 licet,
1405 2959 1493 3039 quod

230 3061 272 3122 de
298 3060 358 3122 hac
381 3058 488 3122 fabula
511 3059 542 3121 in
565 3059 646 3122 libro
661 3059 706 3120 III
730 3062 770 3123 de
787 3059 920 3141 Libycis
940 3061 1015 3142 egit.
1060 3059 1147 3122 Num
1163 3061 1260 3142 igitur
1274 3061 1339 3122 veri
1362 3071 1411 3125 est
1434 3063 1494 3124 dis-

189 3166 190 3169 ’
232 3165 351 3240 simile,
382 3164 577 3246 Apollodori
610 3166 708 3228 verba
740 3187 772 3248 p.
802 3166 845 3243 64
874 3164 893 3227 l.
922 3181 975 3228 10:
1010 3173 1126 3226 »ταῦτα
1152 3165 1302 3246 (scilicet:
1334 3166 1373 3226 τὰ
1392 3176 1493 3249 χρυσᾶ

229 3271 324 3352 μῆλα)
348 3268 381 3330 δὲ
401 3263 447 3350 ἦν,
471 3271 526 3348 οὐχ
541 3268 581 3342 ὣς
598 3292 677 3343 τινες
695 3265 778 3332 εἶπον
797 3267 828 3330 ἔν
841 3271 969 3355 Λιβύῃα
996 3273 1037 3334 ad
1054 3273 1192 3338 eundem
1206 3270 1295 3334 illum
1310 3271 1493 3353 Agroetam

231 3373 412 3458 respicere?
440 3374 508 3436 lam
532 3375 614 3450 vide,
639 3377 728 3458 quod
749 3376 913 3438 Diodorus
936 3397 962 3439 c.
985 3376 1026 3438 26
1049 3380 1069 3457 ἕ
1093 3392 1111 3438 2
1135 3375 1240 3439 refert.
1272 3374 1370 3455 Quod
1387 3377 1492 3458 primo

232 3481 306 3543 loco
329 3488 458 3543 narrat:
484 3480 555 3540 »καί
574 3502 652 3552 τινες
672 3479 728 3559 μίν
744 3503 818 3563 φασι
840 3479 871 3542 ἕν
893 3502 955 3543 τισι
970 3481 1075 3561 κήποις
1089 3489 1150 3542 τῶν
1163 3478 1348 3562 Ἑσπερίδων
1361 3480 1492 3563 ὑπάρξαι

229 3586 311 3647 κατὰ
340 3586 395 3665 τὴν
420 3586 600 3665 Λιβίηνθθ)
628 3589 711 3664 μῆλα
737 3589 855 3669 χρυσᾶ,
884 3587 1052 3669 τηρούμενα
1081 3595 1213 3668 συνεχῶς
1241 3585 1300 3648 tul
1323 3609 1402 3659 τινος
1423 3580 1492 3668 δρά-

228 3713 334 3764 κοντος
356 3685 585 3774 φοβερωτάτοοι
613 3690 732 3770 reperis
753 3692 783 3753 in
806 3692 1000 3756 bibliotheca
1022 3713 1054 3775 p.
1071 3693 1114 3771 64
1134 3694 1154 3756 l.
1177 3709 1198 3772 9
1221 3713 1311 3774 sqq:
1338 3690 1493 3765 »ἑπέταξεν

228 3797 315 3881 αὐτῷ
349 3793 533 3877 Ἑσπερίδων
551 3803 651 3877 χρυσᾶ
672 3799 756 3874 μῆλα
785 3796 988 3876 κομίζειν...
1021 3797 1169 3881 ἔφοίλασσε
1197 3795 1230 3858 δὲ
1261 3797 1340 3858 αὐτὰ
1372 3796 1493 3879 δράκων

230 4005 440 4014 ———--

316 4136 354 4202 st)
373 4138 438 4187 Vide
456 4139 541 4189 Carol.
560 4139 670 4187 Robert:
694 4138 726 4186 de
745 4138 897 4202 Apollodori
914 4139 1070 4190 bibliotheca
1087 4157 1115 4205 p.
1135 4141 1176 4203 67.

315 4258 352 4327 ⁹⁸)
372 4261 499 4310 Diodorus
518 4260 594 4324 igitur
612 4259 776 4325 neglegenter
797 4260 894 4325 Libyae
913 4263 1067 4313 mentionem
1091 4279 1123 4313 ex
1147 4264 1224 4314 altera
1248 4265 1348 4314 fabulae
1366 4264 1447 4314 forma
1465 4265 1492 4314 in

227 4350 335 4400 alteram
354 4349 457 4399 traiecit.
