3438 5028
778 397 987 488 ,357

253 576 332 640 rent,
356 566 460 627 solum
484 565 618 627 Diodori
641 563 747 626 verbis
770 581 843 626 cum
852 562 1021 643 'Euripidis
1045 562 1184 644 prologo
1210 564 1406 644 comparatis
1427 563 1515 625 dubi-

253 682 366 745 tarem,
391 691 467 733 num
490 671 659 732 historicus
681 669 786 748 ipsum
809 669 997 748 Euripidem
1020 675 1094 729 ante
1118 667 1231 730 oculos
1254 666 1428 730 habuisset.
1467 668 1517 730 Ne

251 779 337 838 enim
360 776 496 839 Diodori
519 795 669 846 errorem,
692 775 746 853 qui
768 774 859 836 dicit:
893 770 1064 852 »Ἰοκάστην
1087 771 1142 850 τὴν
1164 770 1325 854 Κρέοντος,
1349 794 1515 854 urgueam‚

253 902 452 964 quamquam
477 901 572 942 nemo
596 899 751 961 umquam
773 878 817 941 sic
840 899 945 940 errare
969 879 1083 957 potuit,
1107 879 1161 956 qui
1184 898 1296 940 versus
1318 879 1409 959 legit:

530 984 604 1066 »ἐγὼ
627 983 660 1044 δέ
682 991 754 1056 παῖς
775 981 831 1063 μέν
853 976 998 1069 κλῄζομαι
1021 963 1204 1058 Μενοικέως,

526 1088 636 1171 Κρέων
658 1087 685 1150 τ’
708 1089 837 1172 ἀδελφὸς
858 1089 973 1170 μητρός
996 1087 1028 1147 έκ
1049 1097 1123 1166 μιᾶς
1144 1085 1232 1170 ipo«,
1335 1121 1337 1128 =

254 1197 310 1276 qui
334 1195 453 1258 iactum
477 1204 542 1269 est,
575 1205 609 1257 ut
631 1195 804 1268 Diodorus
830 1195 883 1275 qui
906 1193 1065 1274 Euripidis
1088 1192 1262 1274 prologum
1286 1195 1317 1255 in
1340 1194 1519 1255 orationem

255 1302 440 1382 pedestrem
464 1302 660 1363 convertisse
683 1301 814 1372 dicitur,
845 1299 1014 1361 scriberet:
1049 1297 1287 1378 »ἐπιλαθόμενος
1308 1308 1362 1359 τοῦ
1379 1307 1519 1380 χρησμοῦ

255 1407 313 1488 (sc.
337 1404 484 1487 Λάιος)ι,
508 1407 533 1466 si
557 1405 718 1487 Euripidis
741 1425 869 1466 versum
893 1421 929 1465 21
958 1404 1167 1485 inspexisset:

447 1509 480 1570 »d
503 1507 531 1570 δ
556 1512 609 1592 (sc.
627 1508 742 1593 Λάιος)
766 1510 858 1592 ἡδονῇ
881 1509 951 1580 δοὺς
973 1507 1015 1580 εἴς
1036 1532 1068 1569 τε
1090 1513 1234 1589 βακχεῖον
1255 1509 1355 1572 πεσὼν
1453 1533 1455 1536 ·

441 1611 574 1696 ἔσπειρεν
595 1617 669 1694 ἡμῖν
687 1614 824 1677 norom?

254 1726 289 1779 ut
321 1719 456 1780 diceret:
492 1720 525 1780 νδ
554 1719 610 1798 μίν
638 1719 744 1793 Λάιος
754 1721 811 1800 ¹⁰⁵)
842 1719 1041 1802 ὑπερηφάνως
1071 1719 1212 1802 ίκχωρεΐν
1240 1729 1295 1799 τῆς
1328 1719 1400 1781 ὁδοῦ
1429 1742 1520 1802 προς-

253 1822 394 1883 έταττενι
421 1825 473 1905 (sc.
498 1826 541 1908 τῷ
569 1823 728 1907 Οἰδίποδι),
754 1827 779 1887 si
802 1825 933 1887 vidisset
960 1846 1089 1887 versum
1114 1827 1193 1908 (39):

572 1931 643 1990 »καί
662 1956 708 1991 νιν
730 1931 841 1991 κελεύει
862 1930 969 1991 Λαίου
992 1930 1221 2013 τροχηλάτηςιλ

255 2032 368 2112 Atque
398 2043 433 2095 ut
463 2035 587 2097 minora
618 2036 784 2110 omittam,
815 2035 949 2098 afferam
980 2039 1078 2098 modo
1110 2037 1188 2099 hoc:
1219 2035 1382 2099 Diodorus
1413 2037 1517 2118 primo

255 2137 331 2223 dicit
358 2136 506 2220 ν(Λά“ι“ος)
531 2139 653 2220 ίξέόηκε
676 2143 712 2202 τό
733 2140 862 2224 βρέφοςο
889 2152 971 2203 tum:
1002 2140 1046 2203 »οἳ
1068 2141 1101 2203 δ’
1125 2141 1236 2204 οἰκέται
1260 2142 1421 2224 (nimirum
1447 2142 1519 2222 Lai)

253 2241 401 2318 λαβόντες
423 2245 458 2304 τό
480 2245 602 2308 παιδίον
618 2246 753 2308 ἐκθεῖναι
768 2246 824 2325 μὲν
840 2249 893 2309 οὐκ
910 2247 1082 2328 ἠθέλησαν,
1107 2247 1296 2330 ἐδωρήσαντο
1312 2245 1348 2308 δέ
1358 2255 1398 2331 τῇ
1413 2249 1518 2308 Πολό-
1544 2236 1550 2245 ’

251 2351 312 2426 βου
333 2350 478 2429 γυναικι’.<<
518 2351 592 2412 Non
614 2354 720 2432 potuit
741 2355 784 2414 ita
807 2353 1021 2415 narrationem
1045 2353 1250 2428 confundere,
1273 2355 1299 2415 si
1315 2362 1389 2416 ante
1405 2354 1518 2416 oculos

255 2452 420 2516 habuisset
442 2475 568 2517 versus:

460 2581 589 2664 (Λάιος)
617 2579 754 2661 »λειμῶν’
777 2582 806 2654 ές
828 2576 926 2664 Ἤρας
948 2583 998 2643 καὶ
1022 2584 1221 2664 Κιθαιρῶνος
1243 2581 1335 2655 λέπας

372 2686 437 2764 (25)
461 2685 568 2747 δίδωσι
589 2685 780 2764 βουκόλοισιν
802 2687 938 2748 ἐκθεῖναι
960 2685 1081 2770 βρέφος,

374 2789 436 2870 (27)
461 2791 607 2869 Πολύβου
630 2791 666 2851 δέ
684 2817 729 2852 νιν
750 2792 894 2872 λαβόντες
917 2791 1128 2872 ἱπποβουκόλοι

461 2893 583 2977 φέρουσ’
607 2896 637 2969 ές
659 2895 756 2970 οἴκους
779 2896 820 2969 είς
842 2921 873 2958 τε
897 2899 1053 2980 δεσποίνης
1071 2896 1164 2981 χέρας

461 2997 607 3080 έθηκανκ
885 3083 887 3087 ι

256 3102 405 3182 Denique
428 3123 598 3184 compares
619 3107 680 3167 hos
702 3105 836 3168 Diodori
861 3107 950 3171 locos
973 3130 1046 3171 cum
1069 3108 1276 3189 Apollodoro
1299 3118 1331 3170 et
1352 3108 1515 3189 Euripide,

256 3216 292 3266 ut
315 3208 482 3280 concedas,
507 3208 693 3272 historicum
716 3232 789 3274 cum
811 3212 1024 3276 bibliothecae
1048 3225 1179 3277 auctore
1202 3213 1242 3275 ad
1261 3212 1396 3276 verbum
1413 3234 1517 3295 paene

257 3311 446 3385 consentire,
470 3314 658 3394 Euripidem
681 3327 790 3379 autem
813 3318 881 3380 aliis
903 3319 1009 3381 verbis
1032 3340 1103 3382 esse
1126 3340 1228 3382 usum.

256 3427 365 3495 (69)τὼ
385 3426 415 3481 δ’
435 3435 474 3491 ric
493 3431 585 3502 φόβον
603 3430 763 3490 πεσόντε...
861 3439 1078 3503 Diodor.65.1:
1216 3439 1278 3489 bibl.
1306 3456 1332 3503 p.
1358 3452 1390 3502 92
1422 3439 1440 3489 l.
1468 3450 1515 3504 25:

256 3517 314 3583 (71)
328 3517 465 3587 ξυμβάντ’
487 3519 601 3598 ἔταξαν,
630 3520 764 3580 vivarai-
905 3525 969 3584 τοὺς
992 3526 1022 3579 δὲ
1045 3533 1138 3580 τεαυί-
1178 3524 1319 3593 Ἐτεοκλῆς
1337 3526 1369 3579 δὲ
1395 3529 1440 3578 καὶ
1458 3533 1518 3579 Πο-

361 3625 443 3678 τερον
460 3609 551 3678 ττιίρσς
801 3628 884 3674 σκους
922 3612 1139 3685 παραλαβόντας
1182 3619 1306 3682 λυνείκης
1355 3617 1420 3686 περὶ
1471 3618 1520 3686 τῆς

329 3696 448 3766 φεύγειν
475 3695 573 3755 ἑκόντα
602 3698 684 3768 τήνδε
705 3710 765 3756 Πο-
800 3701 851 3764 τὴν
876 3698 964 3774 ἀρχήν
986 3701 1139 3775 ὁμολογίας
1182 3707 1323 3771 βασιλείας
1339 3709 1519 3757 συντίθενται

363 3790 490 3855 λυνείκηυ
508 3784 612 3857 χθόνα,
801 3794 908 3844 θέσθαι
920 3791 991 3861 πρὸς
1002 3787 1139 3858 ἀλλήλους
1182 3789 1254 3864 πρὸς
1288 3789 1437 3858 ἀλλήλους,
1472 3795 1520 3845 καὶ

324 3871 469 3929 Ἐτεοκλέα
496 3878 527 3930 δὲ
548 3879 666 3951 σκῆπτρ’
693 3883 766 3951 ἔχειν
802 3878 871 3951 παρ’
889 3880 1018 3934 έυιαυτὸιι
1034 3877 1137 3951 ι’ίρχειυ.
1183 3877 1521 3951 αι’τοῖςδοκεῑτὸνὲτερον

363 3970 486 4034 μένοντα
505 3971 556 4038 γῆς
1182 3967 1252 4043 παρ’
1270 3966 1400 4024 ἐνιαυτὸν
1413 3966 1518 4040 ἄρχειν.

330 4055 458 4108 ἐνιαυτὸν
479 4053 656 4110 οἶλλσίσσουτ’.
703 4059 763 4110 ἐπεὶ
817 4051 1046 4129 πρεσβυτέρουδ’
1059 4052 1139 4119 ὄντος
1217 4078 1243 4125 p.
1262 4075 1293 4124 93
1314 4061 1372 4111 l.1:
1400 4059 1519 4116 τιυὲςδλ

364 4141 393 4197 δ’
414 4145 459 4199 ἐπὶ
479 4149 571 4213 ζυγοῖς
801 4144 985 4210 Ἐτεοκλέους,
1039 4150 1140 4202 τοῦτον
1182 4150 1293 4219 πρῶτον
1312 4146 1442 4202 Ἐτσκλία
1472 4143 1522 4218 δρ-

347 4363 395 4433 ιοο)
416 4368 454 4418 Cf.
474 4369 607 4433 Sophoclis
626 4369 658 4418 0.
679 4370 710 4418 R·
730 4368 787 4432 805.
