3438 5028
647 372 855 451 ..67-

172 539 262 588 Diodor.
281 539 326 587 IV.
348 539 390 604 65.
413 553 423 588 1
444 554 483 604 sq.
597 539 659 590 bibl.
677 558 703 605 p.
722 551 753 606 93
775 541 793 592 1.
814 555 824 590 1
845 556 901 606 sqq.
1042 541 1113 605 Hyg.
1132 540 1183 592 lab.
1202 539 1243 597 68,
1265 539 1306 602 69.

147 621 327 694 τὸνἌδραστον
334 623 520 698 χαριζόμενον
546 628 593 678 καλ
612 622 713 685 αύτούς
725 621 878 697 1Ἀδραστος
892 624 948 698 δμ·
974 629 1145 678 commodaret
1179 629 1212 678 ad
1243 635 1377 693 paternum

159 711 235 774 αὐτοῖς
276 715 500 783 ἐπαγγείλασθαι
547 719 684 786 φοτέρους
695 720 735 777 είς
747 714 796 774 τὰς
809 707 949 788 πατρίδας
974 733 1080 781 regnum
1126 716 1325 782 recuperandum
1339 731 1376 776 „a

146 797 248 864 κατάξειν
275 799 455 875 ἀμφοτέρους
483 806 521 862 εἰς
549 801 682 872 ὑπέσχετο
720 799 861 866 κατάξειν·
902 808 948 857 καλ
977 806 1068 855 fratre:
1105 805 1146 855 cui
1174 804 1298 854 Adrastus
1328 819 1380 852 non

146 887 322 964 τδςπατρίδας.
335 895 482 959 κρίναντος
490 890 508 942 δ
511 889 518 908 ’
548 891 662 960 πρῶτον
671 893 717 945 ἐπὶ
728 886 822 960 Θήβας
833 892 951 948 ἔσπευδε
978 902 1076 944 tantum
1088 894 1223 944 exercitum
1236 893 1316 950 dedit,
1337 890 1382 940 sed

146 975 213 1031 nitori
227 981 334 1048 πρῶτον
351 986 522 1049 καταγαγεῖν
548 979 767 1049 στρατεύεσθαι.
805 985 851 1033 καλ
887 983 953 1040 τσὺς
979 983 1056 1033 etiam
1067 982 1121 1046 ipse
1131 993 1189 1030 cum
1200 981 1256 1030 aliis
1266 977 1383 1046 (septem)

145 1063 181 1120 τὸν
197 1071 363 1134 Πολυνείκην
380 1107 386 1120 .
406 1105 438 1120 ..
549 1067 679 1138 ἀριστέας
699 1066 890 1141 συνήθροιζεν.
979 1071 1086 1121 ducibus
1104 1069 1232 1136 profectus
1251 1078 1348 1123 est...

213 1185 278 1248 Aut
300 1187 386 1248 aliud
409 1187 529 1269 inspice
552 1209 596 1250 ex
617 1188 844 1270 Epigonorum
866 1188 982 1251 sabulis
1005 1186 1210 1268 exemplum:

260 1306 366 1356 Diodor.
385 1306 431 1359 IV.
450 1307 491 1358 66.
514 1322 524 1356 1
545 1323 600 1373 sqq.
915 1308 979 1358 bibl.
999 1324 1024 1373 p.
1043 1319 1075 1370 97
1094 1307 1111 1357 l.
1131 1320 1163 1355 22
1182 1323 1237 1372 sqq.

185 1395 214 1446 Ol
223 1393 274 1465 μὲν
289 1388 340 1446 οὗν
353 1393 424 1447 ἑπτὰ
439 1395 488 1448 inl
502 1391 594 1461 Θήβας
605 1400 735 1448 τοιοῦτον
821 1391 893 1465 μετὰ
907 1396 938 1449 δὲ
950 1395 1017 1447 δέκα
1029 1395 1074 1459 ἔτη
1087 1396 1117 1446 οἱ
1127 1397 1183 1445 τιῦν
1197 1390 1387 1464 ἀπολομένων

145 1476 167 1530 τύ
184 1485 261 1553 πέρας
278 1482 376 1550 ἔσχον·
401 1485 430 1535 οἱ
453 1481 484 1536 δὲ
502 1480 609 1536 τούτων
628 1481 735 1547 παῖδες,
770 1484 877 1546 παῖδες,
894 1485 1045 1550 κληθέντες
1061 1483 1203 1552 ἐπίγονοι,
1223 1478 1386 1550 στρατεύειν

146 1569 251 1638 ἐπίγονοι
261 1567 478 1642 ὀνομασθέντες,
487 1568 537 1624 τὸν
546 1574 601 1624 τιῦν
609 1576 736 1638 πατέρων
771 1570 819 1625 ἐπὶ
830 1568 922 1637 Θήβας
934 1577 1117 1644 προῃροῦντο,
1131 1566 1180 1623 τὸν
1191 1570 1246 1624 τῶν
1256 1569 1388 1638 πατέρων

147 1650 252 1711 θάνατον
269 1656 421 1720 ἐπεξιόντες
435 1661 562 1727 ἔγνωσαν
576 1658 735 1732 στρατεύειν
770 1656 897 1714 θάνατον
911 1655 1127 1732 τιμωρήσασθαι
1141 1653 1323 1729 βουλόμενοι·
1340 1660 1389 1709 καὶ

147 1747 207 1817 κοινή
221 1747 265 1800 inl
282 1744 331 1805 τὰς
345 1747 445 1816 Θήβας,
464 1742 595 1815 λαβόντες
604 1745 734 1820 χρησμὸν
770 1749 995 1820 μαντευομένοις
1014 1741 1110 1806 αὐτοῖς
1133 1742 1148 1799 ὁ
1172 1742 1238 1807 θεὸς
1256 1748 1388 1804 ἐθέσπισε

147 1831 197 1904 παρ’
225 1832 396 1895 ’Λπόλλωνος
424 1841 560 1909 πολεμεῖν
588 1835 639 1901 τήν
666 1856 734 1906 προ·
772 1841 851 1904 νίκην
878 1837 1050 1904 Ἀλκμέωνος
1081 1831 1249 1905 ἡγουμένου.
1290 1830 1305 1887 ὃ
1334 1835 1389 1904 μὲν

148 1927 267 1993 ειρημένην
301 1919 386 1979 πόλιν
426 1923 582 1997 στρατηγὸν
618 1925 733 1993 ἔχοντας
768 1921 821 1978 οὖν
843 1922 982 1996 Ἀλκμέων
1007 1919 1139 1994 ἡγεῖσθαι
1169 1926 1216 1988 τῆς
1242 1929 1386 1997 στρατείας

148 2003 276 2081 Ἀλκμέωνα
314 2008 366 2066 τὸν
401 2008 584 2084 Ἀμφιαράου.
641 2009 656 2064 ὁ
700 2013 728 2066 δΙ
769 2010 801 2064 ού
845 2008 1036 2085 βουλόμενος,
1081 2010 1158 2084 ὅμως
1202 2009 1383 2081 στρατεύεται

148 2091 257 2168 Ἀλκμέων
268 2103 391 2173 αἱρεθεὶς
405 2098 456 2154 ὑπ’
477 2097 567 2154 αύτῦν
579 2101 731 2171 στρατηγὸς

147 2183 279 2258 έπηρύτησε
313 2189 363 2244 τὸν
397 2191 466 2244 θεὸν
500 2193 564 2264 περὶ
600 2193 648 2256 τῆς
683 2193 731 2245 ἐπὶ

147 2270 182 2334 nl,
207 2274 293 2346 Θήβας
326 2284 469 2351 στρατείας
503 2281 550 2333 καλ
586 2284 650 2348 περὶ
684 2282 732 2347 τῆς

146 2355 270 2432 Ἐριφύλης
298 2370 346 2432 τῆς
372 2365 476 2440 μητρὸς
502 2365 650 2426 κολάσεωςι
681 2379 731 2422 τοῦ

149 2447 171 2501 δὲ
197 2449 363 2516 Ἀπόλλωνος
393 2451 550 2526 χρήσαντος
585 2453 732 2530 ἀμφότερα

149 2535 173 2589 td
202 2547 382 2615 προειρημένα
417 2548 519 2619 πρᾶξαι
550 2543 598 2597 διὰ
635 2543 666 2597 τὸ
698 2545 736 2614 μή

149 2621 220 2693 μόνον
251 2628 298 2686 τὸν
325 2641 453 2705 χρυσοῦν
485 2629 575 2707 ὅρμον
603 2634 738 2694 δέξασθαι

150 2716 204 2767 zare
224 2723 267 2784 τῆς
289 2718 429 2780 ἀπωλείας
451 2724 503 2777 τοῦ
521 2719 641 2792 πατρός,
667 2720 737 2776 ἀλλὰ

151 2809 185 2855 καλ
202 2812 301 2864 πέπλον
319 2811 416 2878 λαβεῖν
434 2807 520 2877 αἰτὴν
537 2810 609 2866 κατὰ
630 2815 677 2878 τῆς
689 2817 739 2867 τοῦ

152 2894 202 2945 υἱοῦ
227 2900 357 2964 τελευτῆς·
477 2901 528 2955 τὸν
563 2901 596 2955 δὲ
632 2905 739 2957 πέπλον
774 2908 898 2971 λαβοῦσα
908 2899 1105 2975 γὰρἘριφύλη
1119 2899 1195 2975 παρὰ
1208 2898 1387 2974 Θερσάνδρου

151 2980 358 3056 (προσδέξασθαι)
391 2989 468 3059 παρὰ
504 2991 557 3042 τοῦ
595 2992 659 3042 υἱοῦ
692 2991 740 3044 τοῦ
774 2998 824 3046 τοῦ
837 2995 1026 3052 Πολυνείκους
1044 2990 1092 3046 τὸν
1112 2993 1218 3043 πέπλον
1239 2997 1385 3047 συνέπεισε

153 3075 316 3138 Πολυνείκους
340 3075 531 3150 Θερσάνδρου,
560 3075 635 3138 ὅπως
656 3085 740 3152 πείση
775 3085 822 3134 καὶ
841 3081 906 3140 τοὺς
923 3080 1031 3140 παῖδας
1050 3076 1257 3150 στρατεύεσθαι.

153 3157 191 3212 τὸν
205 3160 262 3218 υἱὸν
278 3163 437 3237 στρατεύειν
457 3167 504 3219 tut
525 3164 575 3227 τὰς
595 3166 693 3236 Θήβας.
721 3171 725 3180 “

223 3281 284 3346 Sub
305 3284 369 3347 fine
391 3293 501 3347 autem
524 3286 621 3348 distat
635 3287 770 3351 Diodori
794 3288 933 3350 narratio
954 3307 974 3348 a
994 3285 1199 3361 bibliotheca,
1221 3287 1289 3361 sed,
1315 3307 1389 3349 cum

155 3380 277 3465 longiore
298 3390 515 3470 disputatione
538 3412 621 3472 opus
644 3394 700 3465 sit,
731 3414 794 3475 qua
817 3394 1071 3469 demonstretur,
1095 3393 1192 3454 etiam
1213 3391 1327 3472 capitis
1349 3390 1392 3471 67

156 3487 171 3562 ἓ
192 3513 202 3550 1
226 3492 313 3557 aliam
338 3515 403 3558 non
425 3494 544 3558 habere
568 3499 724 3579 originem
747 3510 845 3582 atque
866 3498 1081 3562 bibliothecae
1104 3519 1135 3579 p.
1151 3499 1193 3577 98
1216 3495 1236 3558 l.
1254 3511 1391 3573 20-24,

158 3591 258 3659 dehac
278 3621 311 3664 re
333 3600 397 3663 alio
420 3599 493 3664 loco
516 3602 671 3666 disseram
680 3605 731 3686 ⁸⁰).

225 3700 344 3769 Deinde
374 3707 488 3786 capitis
510 3707 551 3787 67
581 3729 600 3770 a
626 3711 645 3788 ξ
670 3725 688 3770 2
712 3730 813 3791 usque
837 3710 878 3771 ad
901 3711 922 3788 ξ
946 3724 964 3789 7
987 3708 1083 3770 Aeoli
1107 3708 1232 3790 generis
1254 3715 1393 3769 stemma

160 3800 276 3883 lingitur
304 3811 448 3875 notabile
478 3831 519 3874 eo
549 3815 637 3893 quod
660 3814 919 3877 artificiosissime
942 3823 1007 3875 tres
1029 3813 1264 3894 distinguuntur
1285 3809 1392 3873 Aeoli.

165 4003 345 4026 κ

231 4139 263 4211 ⁸⁰)
280 4153 417 4210 Adnotem,
438 4168 479 4201 me
493 4153 611 4201 nimirum
630 4152 732 4202 aliunde
745 4155 853 4218 petitum
867 4171 921 4204 esse
934 4164 1031 4220 putare,
1052 4169 1116 4219 quae
1129 4155 1161 4202 de
1173 4153 1286 4218 Daphna
1298 4153 1398 4216 Sibylla

159 4227 221 4359 08⁶⁶
243 4231 258 4298 ἓ
275 4239 289 4287 6
306 4249 331 4292 et
353 4253 365 4302 7
389 4240 515 4304 leguntur.
551 4240 590 4292 Cf.
610 4241 710 4290 Ernesti
729 4243 801 4292 Maas
824 4243 857 4293 de
873 4244 1030 4307 Sibyllarum
1053 4241 1187 4300 indicibus,
1208 4241 1397 4306 Gryphiswald.

162 4321 170 4355 ¹
189 4324 225 4376 79,
244 4336 265 4383 p·
284 4339 305 4387 2,
323 4328 410 4378 adnot.
430 4342 455 4388 α

1155 4414 1191 4480 s*
