3438 5028
783 418 992 480 ..99-

258 569 320 632 bus
343 590 408 632 non
431 571 525 652 pauci
547 571 610 634 loci
634 592 707 633 cum
730 571 866 634 Diodori
896 571 1027 634 historia
1057 571 1190 634 fabulari
1214 570 1398 645 cohaerent,
1422 571 1523 633 multa

257 694 275 736 e
309 675 417 738 multis
446 677 514 752 aliis
542 676 683 739 fontibus
713 696 784 739 esse
814 686 966 758 prompta
992 686 1047 739 aut
1077 675 1118 739 ab
1148 677 1224 756 ipsis
1255 676 1438 738 auctoribus
1467 687 1523 739 aut

257 781 321 841 iarn
344 781 386 843 ab
416 782 476 858 eis,
510 803 649 864 quorum
678 782 778 844 libros
807 782 1061 862 descripserunt,
1097 791 1195 861 atque
1223 782 1299 843 mihi
1332 801 1522 863 persuasum

257 884 379 962 haben,
414 888 601 969 saepissime
634 888 807 969 praecipue
837 888 868 948 in
904 886 1100 950 bibliotheca
1133 896 1165 949 et
1194 887 1226 948 in
1255 885 1377 968 Hygini
1408 885 1522 949 fabulis

257 991 432 1055 multorum
463 992 600 1056 fontium
629 992 765 1055 frustula
798 993 842 1054 ita
873 1013 943 1054 esse
979 991 1112 1054 confusa
1143 1001 1176 1054 et
1215 993 1448 1067 contaminata,
1487 1001 1522 1054 ut

256 1097 388 1162 omnino
411 1118 476 1160 non
499 1099 626 1180 possint
646 1098 805 1179 distingui.
864 1097 938 1159 Hoc
967 1118 1045 1160 vero
1076 1097 1307 1172 contenderim,
1341 1119 1398 1160 eos
1421 1098 1520 1171 locos,

257 1221 340 1282 quos
364 1223 437 1265 cum
460 1203 595 1265 Diodori
619 1202 753 1268 fabulari
775 1202 906 1265 historia
931 1202 1179 1285 propinquitatis
1195 1203 1328 1265 vinculis
1351 1204 1521 1265 coniuncta

256 1326 329 1369 esse
351 1308 496 1389 adparet,
521 1329 634 1371 omnes
661 1328 732 1370 esse
761 1307 943 1388 fragmenta
976 1308 1119 1370 eiusdem
1151 1309 1307 1388 uniusque
1338 1310 1519 1390 compendii

258 1412 471 1494 mythologici
495 1423 593 1497 atque
616 1413 711 1487 illius,
736 1413 824 1492 quod
848 1410 914 1473 sere
936 1412 1017 1475 inter
1037 1432 1156 1475 annum
1184 1430 1243 1476 100
1271 1423 1304 1476 et
1324 1428 1363 1492 45
1391 1434 1418 1476 a.
1444 1413 1518 1476 Chr.

257 1537 286 1579 n.
311 1520 530 1600 compositum
553 1539 624 1581 esse
646 1518 791 1580 vidimus.
830 1515 912 1579 Cum
928 1527 1036 1579 autem
1052 1519 1120 1581 eius
1142 1515 1321 1599 fragmenta
1338 1528 1370 1580 et
1385 1519 1519 1600 vestigia

258 1623 331 1684 inde
366 1624 407 1686 ab
442 1625 579 1703 Augusti
616 1631 722 1685 aetate
763 1622 849 1704 apud
890 1622 1069 1703 permultos
1101 1623 1275 1704 scriptores
1312 1625 1518 1706 reperiantur,

255 1746 393 1806 quorum
425 1748 548 1808 paucos
581 1727 681 1789 modo
715 1727 917 1801 strinximuS,
952 1727 1156 1790 manifestum
1186 1737 1252 1801 est,
1285 1728 1373 1790 illum
1403 1729 1530 1791 librum*

253 1833 370 1893 summi
393 1831 488 1895 fuisse
512 1832 667 1894 momenti
685 1840 783 1912 atque
807 1851 866 1893 nos
888 1832 948 1894 soli
972 1833 1039 1895 eius
1062 1833 1184 1894 auctori
1207 1853 1270 1895 non
1290 1854 1409 1914 parvae
1432 1833 1518 1896 fabu-

254 1934 357 1997 larum
380 1937 481 2017 partis
505 1937 651 1999 notitiam
674 1936 802 1999 debere.
842 1934 935 2016 Quae
958 1958 1030 1999 cum
1047 1939 1091 2000 ita
1106 1938 1177 2012 sint,
1202 1939 1418 2001 necessarium
1441 1938 1517 2000 mihi

253 2040 386 2114 videtur,
413 2043 578 2104 restituere
602 2051 759 2122 quantum
782 2040 849 2103 fieri
872 2051 989 2123 potest,
1025 2043 1340 2124 hoc'compendium
1364 2042 1516 2107 fabularis

253 2128 413 2221 historiae,
438 2149 526 2228 quod
542 2146 678 2211 fortasse
690 2148 954 2226 antiquissimum,
979 2158 1065 2210 certe
1081 2150 1271 2211 auctoritate
1287 2149 1516 2230 gravissimum

254 2258 332 2316 erat.
