3438 5028
826 391 1036 452 -66-

303 559 481 623 fabularum
504 563 719 624 narrationem
741 561 876 623 Diodori
898 581 971 622 cum
992 560 1187 623 bibliotheca
1208 561 1464 642 comparaveris,
1487 581 1564 622 con-

303 665 410 740 cedes,
438 666 534 747 plane
564 687 636 728 eam
659 687 730 729 esse
752 667 888 728 eandem
910 666 967 728 sed
989 665 1130 729 breviter
1151 673 1359 732 contractam.
1404 663 1564 728 Conferas

303 771 449 849 quemvis
477 771 570 833 huius
591 770 690 852 partis
713 771 833 845 locum,
858 790 971 833 omnes
991 771 1118 844 itidem,
1142 771 1231 853 quod
1251 771 1333 845 dixi,
1363 769 1562 851 probabunt.

303 875 402 938 Velut
425 876 509 938 hunc
531 876 662 957 perlege
684 883 909 956 comparatum
931 897 1005 938 cum
1029 875 1224 939 bibliotheca
1246 884 1279 938 et
1301 875 1447 956 Hygino.

336 1028 443 1078 Diodor.
464 1030 509 1080 IV.
528 1029 570 1095 65.
594 1043 604 1078 1
625 1046 662 1094 sq.
781 1029 845 1082 bibl.
863 1047 889 1094 p.
907 1043 939 1093 93
957 1030 974 1080 l.
996 1044 1006 1079 1
1028 1045 1085 1094 sqq.
1141 1043 1144 1050 ·
1226 1030 1297 1095 Hyg.
1316 1030 1368 1080 sab.
1387 1029 1430 1088 68,
1449 1031 1492 1094 69.

336 1120 529 1187 πρεσβυτέρου
561 1113 589 1168 δ’
623 1112 705 1178 ὄντος
738 1118 916 1178 ·...τινὲς
952 1117 984 1171 δὲ
1019 1116 1131 1188 πρῶτον
1191 1119 1233 1170 68.
1259 1118 1402 1184 Polynices,
1417 1119 1562 1184 Oedipodis

301 1198 487 1270 Ἐτεοκλέους,
511 1211 614 1258 τοῦτον
630 1208 704 1278 πρῶ-
728 1202 868 1260 Ἐτεοκλέα
880 1200 1003 1274 άρξαντα
1016 1201 1130 1278 μὴβού·
1156 1208 1233 1268 filins,
1254 1213 1436 1272 annoperacto
1453 1223 1563 1272 regnum

300 1310 351 1344 τον
369 1286 457 1362 άρξαι,
477 1297 526 1346 καὶ
541 1291 704 1355 διελθόντος
729 1298 830 1348 λεσθαι
865 1296 1045 1365 παραδοῦναι
1078 1293 1131 1363 τὴν
1156 1296 1188 1345 ab
1207 1295 1313 1346 Eteocle
1331 1295 1408 1345 fratre
1426 1296 1525 1360 repetit.

301 1389 351 1434 τοῦ
368 1376 477 1450 χρόνου
493 1380 533 1453 μὴ
549 1380 703 1449 βούλεσθαι
728 1385 880 1449 βασιλείαν.
1191 1383 1234 1433 ille
1252 1383 1341 1434 cedere
1358 1384 1450 1436 noluit.

301 1463 704 1539 παραδιδόναιτὴνβασιλείαν·

305 1556 355 1609 τὸν
380 1557 412 1610 δὲ
435 1559 608 1624 Πολυνείκην
634 1555 703 1612 κατά

304 1643 354 1706 τὰς
385 1643 539 1718 ὁμολογίας
572 1644 703 1702 ἀπαιτεῖν

303 1731 354 1800 τὴν
374 1731 475 1806 ἀρχήν·
657 1726 665 1740 ’

345 1877 395 1923 τοῦ
431 1869 462 1924 δὲ
501 1867 626 1942 ἀδελφοῦ
660 1871 699 1943 μὴ
778 1873 971 1942 φυγαδευθεὶς
1005 1868 1035 1924 δ’
1077 1867 1127 1926 οὖν
1206 1874 1248 1936 69.
1383 1878 1431 1926 sub
1466 1878 1559 1928 eodem

302 1957 493 2020 ὑπακούοντος
527 1966 629 2030 φυγεῖν
662 1964 701 2019 εἰς
725 1962 897 2024 Πολυνείκης
907 1960 938 2014 ἐκ
951 1961 1050 2026 Θηβῶν
1061 1946 1127 2025 ἧκεν
1153 1969 1266 2026 tempore
1308 1964 1441 2028 Polynices
1479 1964 1556 2015 Oedi·

293 2045 391 2118 ’Ἀργος
405 2043 476 2118 πρὸς
484 2044 638 2121 ’Ἀδραστον
650 2048 700 2102 τὸν
725 2043 932 2118 εἰς”Λργοςπόν
941 2066 970 2101 τε
981 2045 1070 2120 ὅρμον
1078 2052 1125 2101 καὶ
1151 2050 1226 2114 podis
1261 2050 1327 2100 filius
1368 2052 1486 2116 expulsus
1522 2054 1554 2101 ab

298 2138 421 2199 βασιλέα.
725 2132 777 2187 τὸν
795 2139 906 2189 πέπλον
924 2137 1009 2203 ἔχων·
1031 2137 1123 2203 ἔβασί-
1152 2138 1256 2188 Eteocle
1274 2138 1350 2189 fratre
1369 2139 1403 2188 ad
1418 2139 1549 2188 Adrastum

726 2225 786 2275 λευε
797 2223 828 2276 δὲ
843 2220 961 2295 Ἄργους
974 2223 1127 2296 Ἄδραστος
1152 2225 1254 2276 devenit

724 2307 879 2365 ὃΤαλαοῦ.

757 2451 804 2500 καὶ
830 2453 889 2509 τοῖς
906 2446 1015 2512 ,τούτου
1043 2457 1124 2516 βασι·
1185 2459 1210 2501 et
1227 2451 1331 2515 Tydeus
1344 2451 1419 2500 simul
1431 2450 1512 2501 Oenei
1529 2457 1553 2499 et

724 2540 807 2596 λείοις
819 2534 925 2609 νύκτωρ
938 2535 1125 2608 προσπελάζει
1150 2540 1286 2589 Periboeae
1305 2540 1423 2605 captivae
1447 2538 1515 2588 lilius
1540 2553 1555 2586 a

722 2629 769 2677 καὶ
780 2623 915 2679 συνάπτει
929 2623 1024 2695 μάχην
1040 2628 1127 2681 Τυδεῖ
1151 2634 1236 2692 patre,
1259 2627 1328 2691 quod
1349 2628 1451 2676 fratrem
1469 2628 1554 2678 Mena·

722 2715 763 2780 τῴ
773 2717 875 2774 Ολνέως
884 2711 1020 2786 φεύγοντι
1029 2717 1124 2767 Καλυ-
1150 2717 1250 2780 lippum
1273 2714 1299 2762 in
1327 2715 1464 2764 venatione
1490 2715 1555 2765 occi·

723 2803 799 2856 δῶνα
818 2802 863 2868 (ci.
881 2821 906 2868 p.
926 2817 965 2864 20,
985 2805 1001 2854 l.
1021 2816 1034 2867 5
1051 2821 1122 2869 sqq.:
1152 2805 1281 2854 derat...

726 2891 857 2950 Τυδεύς.
883 2933 888 2943 .
913 2929 920 2942 .
942 2888 1125 2961 ἐφυγαδεύθη

329 2965 398 3020 xud'
414 2965 447 3022 ὃν
459 2965 493 3036 δὴ
506 2966 611 3040 χρόνον
625 2973 696 3039 φασὶ
723 2985 832 3040 κτείνας
849 3019 856 3032 ,
875 3018 881 3031 ,
901 3018 907 3030 ,
926 2976 962 3038 ὥς
986 2980 1017 3032 δὲ
1042 2975 1057 3030 ὁ
1076 2978 1126 3043 τὴν

297 3058 385 3111 Τυδέα
395 3056 445 3112 τὸν
454 3061 554 3119 Οἰνέως
570 3061 695 3112 ίνΚαλυ-
738 3066 923 3139 mmmm
946 3062 1106 3138 γεγραφώς,

297 3147 366 3200 didm
389 3147 455 3206 τοὺς
475 3143 610 3215 ἀνεψιοὺς
635 3143 696 3202 dile·
722 3158 788 3217 τοὺς
814 3160 945 3216 Μέλανος
969 3155 1003 3223 [ν.
1032 3175 1056 3222 p¹
1083 3171 1123 3220 ιγ,

297 3229 380 3287 illm
398 3272 403 3286 ·
423 3274 429 3286 ·
449 3273 456 3288 ·
476 3239 578 3304 φυλέἷν
602 3237 631 3289 ἶκ
650 3239 698 3300 vic
722 3248 739 3296 l.
762 3245 802 3312 16]
827 3245 933 3304 παῖδας
954 3283 960 3296 .
982 3286 988 3296 .
1008 3285 1013 3296 .
1034 3242 1070 3306 ὡς
1094 3244 1124 3299 δὲ

297 3326 439 3382 Αἰτωλίας
456 3325 495 3383 Εἷς
507 3318 614 3394 Ἄργος·
724 3329 882 3404 Φερεκύδης
892 3339 987 3402 φησίν,
998 3330 1125 3388 Ὠλενίαν

723 3419 850 3490 ἀδελφὸν
865 3421 956 3486 ἴδιον).

318 3554 697 3634 ’Ἀδραστονδὲάμφοτέρους
757 3561 910 3628 γενομένης
934 3559 966 3612 δὲ
990 3560 1122 3629 ἐξαίφνης
1181 3563 1305 3626 Adrasto,
1330 3564 1405 3613 Talai
1429 3575 1455 3615 et
1473 3567 1554 3632 Eury-

297 3643 505 3720 ὑποδεξάμενον
515 3647 697 3721 φιλοφρόνως
722 3645 789 3712 βοῆς
810 3646 959 3716 ἐπιφανεὶς
970 3645 1122 3717 ’Ἀδρυστος
1147 3668 1234 3701 nomes
1258 3651 1324 3711 filio,
1351 3669 1502 3718 responsum
1521 3657 1553 3705 ab

294 3733 365 3791 κατά
384 3729 411 3791 ’τι
430 3733 528 3805 λόγιον
540 3745 696 3793 συνοικίσαι
722 3734 848 3789 διέλυσεν
860 3736 969 3800 αὐτοὺς,
989 3741 1036 3790 καὶ
1047 3733 1121 3808 μάν·
1147 3741 1270 3806 Apolline
1300 3741 1356 3800 suit,
1394 3758 1453 3792 enm
1489 3745 1554 3794 filias

311 3825 361 3887 τὰς
388 3829 548 3898 θυγατέρας
574 3829 676 3893 αὐτοῖς,
721 3819 791 3884 τεάς
822 3843 896 3886 τινος
928 3823 1122 3898 ὑπομνησθεὶς
1148 3847 1205 3880 suas
1235 3868 1242 3881 .
1267 3867 1273 3881 .
1299 3867 1306 3882 .
1335 3846 1397 3896 apro
1429 3839 1454 3882 et
1484 3833 1554 3885 leoni

292 3910 419 3986 Ἀργείαν
445 3915 498 3988 μὲν
525 3918 695 3984 Πολυνείκει,
723 3916 851 3982 λέγοντος
869 3913 945 3981 αὐτῷ
959 3909 1058 3987 κάπρῳ
1075 3918 1121 3968 καλ-
1149 3920 1265 3969 daturum
1282 3920 1309 3969 in
1325 3921 1498 3986 conjugium.
1520 3963 1526 3974 .
1546 3960 1554 3976 .

293 4001 442 4071 Δηιπύλην
460 4005 491 4057 δὲ
513 4003 604 4057 Τυδεῖ.
722 4005 812 4058 λέοντι
831 4006 953 4065 συζεῦξαι
969 4003 1018 4064 τὰς
1029 4009 1121 4073 θυγα-
1148 4008 1221 4059 Tunc
1248 4025 1290 4058 rex
1317 4009 1431 4074 responsi
1454 4027 1553 4061 memor

327 4088 555 4163 εὐδοκιμούντων
582 4092 614 4146 δὲ
641 4095 696 4148 τῶν
721 4096 808 4165 τέρας,
835 4087 1013 4165 ἂμφοτέρους
1032 4095 1121 4148 εἵλετο
1148 4096 1252 4159 Argiam
1275 4097 1318 4145 dat
1341 4097 1470 4162 Polynici,
1494 4137 1501 4151 .
1521 4138 1550 4152 ..

294 4185 446 4233 νεανίσκων
486 4184 533 4234 καὶ
572 4177 696 4254 μεγάλης
721 4183 863 4251 νυμφίους
890 4221 923 4236 ..
944 4219 951 4233 .
977 4187 1065 4254 γαμεῖ
1090 4181 1122 4236 δὲ
1147 4184 1284 4250 Deipylam
1303 4185 1426 4235 minorem
1444 4188 1489 4238 dat
1499 4191 1554 4253 Ty·

292 4263 436 4336 ἀποδοχῆς
460 4264 516 4322 ὑπὸ
540 4273 589 4324 τοῦ
614 4278 694 4337 βασι·
720 4268 865 4338 Δηιπύλην
907 4269 961 4341 μὲν
1007 4272 1120 4338 Τυδεὺς,
1147 4273 1255 4324 deo...
1280 4276 1314 4324 At
1327 4274 1460 4337 Polynices
1477 4286 1551 4343 rogat

292 4358 359 4416 λέως
383 4359 593 4426 τυγχανόντων,
620 4360 691 4427 φασὶ
715 4354 842 4428 Ἀργείην
860 4359 892 4412 δὲ
910 4363 1085 4427 Πολυνείκης.
1146 4362 1290 4424 Adrastum,
1309 4368 1337 4411 ut
1349 4362 1398 4412 sibi
1412 4364 1549 4415 exercitum
