3438 5028
724 347 938 407 „31-

197 518 356 579 rationem
379 517 572 598 detorquere
596 525 668 578 ete
700 517 794 578 variis
816 515 931 578 fabulis
958 526 1054 597 atque
1078 537 1176 597 saepe
1199 518 1280 580 inter
1302 541 1336 582 se
1359 542 1460 602 oppo-

197 623 262 684 sitis
288 621 407 703 eligere
431 643 502 696 eas,
534 642 617 702 quae
642 641 802 684 summam
826 623 892 683 veri
916 622 1127 683 similitudinis
1150 625 1290 702 speciem
1320 647 1396 706 prae
1426 649 1461 690 se

197 727 324 790 ferrent.
378 728 491 808 Itaque
522 748 587 808 quo
619 736 687 788 erat
717 736 865 808 stupore,
898 729 1025 808 saepius
1059 730 1201 808 optimos
1235 728 1339 792 fontes
1369 732 1461 795 duxit

197 832 459 906 narratiunculas
484 853 567 915 quae
590 831 632 895 ab
655 831 829 895 Euhemeri
860 832 993 896 aemulis
1024 834 1066 894 ad
1096 833 1302 896 delectandos
1325 836 1460 900 lectores

197 938 383 1019 excogitata
406 948 506 1000 erant,
552 936 715 1017 Quoniam
747 947 855 1000 autem
886 959 982 1002 unam
1013 948 1045 1000 et
1067 959 1177 1000 veram
1200 938 1365 1003 historiam
1389 945 1459 1004 scri-

197 1044 273 1106 bere
309 1044 369 1106 sibi
397 1053 632 1124 proposuerat,
673 1063 737 1105 non
767 1044 874 1124 potuit
904 1064 968 1104 non
999 1045 1175 1124 corrigere,
1208 1065 1290 1125 quae
1321 1067 1338 1107 e
1366 1050 1460 1110 variis

197 1150 381 1212 auctoribus
404 1148 653 1229 compilaverat,
685 1149 879 1230 ubicumque
909 1149 1009 1210 sensit
1040 1148 1178 1211 alterum
1209 1151 1250 1213 ab
1278 1150 1379 1213 altero
1409 1153 1459 1214 ab-

197 1256 337 1328 horrere,
362 1264 460 1334 atque
477 1254 610 1316 aliunde
634 1256 762 1327 addere,
785 1253 873 1334 quod
896 1253 924 1314 ei
940 1255 1104 1316 mentione
1127 1255 1260 1335 dignum
1282 1255 1459 1319 videbatur.
1506 1247 1508 1254 ¹

282 1360 369 1421 Tum
392 1378 470 1420 vero
493 1361 587 1421 certis
611 1361 754 1422 terminis
783 1357 1000 1433 definivimuS,
1032 1380 1115 1440 quae
1142 1359 1301 1440 Dionysio
1324 1361 1459 1425 Timaeo

198 1466 326 1528 Matridi
360 1465 563 1527 attribuenda
596 1474 678 1527 sunt.
731 1466 856 1526 Deinde
890 1484 1009 1544 magna
1042 1465 1112 1527 libri
1150 1465 1198 1526 IV
1231 1475 1340 1547 parte,
1377 1487 1459 1547 quae

199 1571 349 1644 restabat,
386 1570 580 1650 perlustrata
612 1590 677 1631 non
710 1571 809 1632 modo
844 1591 897 1632 eas
927 1571 1061 1632 Diodori
1094 1570 1217 1632 fabulas
1248 1572 1284 1653 (c.
1308 1573 1456 1654 67—75),
1561 1629 1571 1648 ,

199 1697 276 1758 quas
301 1675 382 1738 Otto
409 1673 542 1738 Sierolra
566 1676 607 1736 ad
631 1695 729 1737 unum
752 1673 875 1738 sontem
903 1677 1061 1756 pertinere
1084 1677 1246 1756 cognovit,
1270 1697 1342 1738 cum
1359 1678 1459 1759 Apol·

198 1782 311 1845 lodoro
334 1791 367 1843 et
390 1778 458 1842 aliis
479 1780 729 1862 mythographis
752 1790 820 1843 arte
843 1781 1025 1854 cohaerere,
1050 1782 1106 1842 sed
1137 1782 1233 1843 etiam
1255 1792 1382 1863 praeter
1405 1805 1459 1846 eas

198 1908 260 1950 non
283 1906 388 1967 pauca
411 1888 517 1967 capita
539 1885 803 1966 genealogiarum
827 1887 974 1968 quamvis
1002 1907 1073 1948 rara
1102 1888 1237 1967 vestigia
1259 1908 1403 1950 servasse
1426 1899 1459 1950 et

198 1992 404 2074 Apollodoro
427 1992 582 2072 imprimis
612 1993 725 2054 similia
748 2013 813 2054 non
840 2002 1045 2074 posterorum
1068 2003 1260 2067 commenta,
1284 1995 1340 2055 sed
1363 2015 1455 2056 veras

172 2097 321 2189 ¹fabulas
362 2098 509 2176 antiquas
550 2098 689 2160 breviter
727 2097 843 2160 referre
883 2098 1029 2177 longiore
1068 2099 1283 2178 disputatione
1321 2100 1457 2161 ostendi-

197 2225 266 2266 mus
277 2203 344 2282 ¹⁰2¹).
390 2202 503 2283 Itaque
532 2205 679 2284 cogimur
711 2217 746 2266 ut
776 2213 970 2275 statuamus,
1006 2204 1185 2264 Diodorum
1209 2201 1348 2276 fabulas,
1380 2223 1460 2282 quas

197 2311 300 2390 capite
323 2307 660 2387 IVsignificavimus,
695 2331 738 2372 ex
761 2310 876 2370 eodem
906 2308 1099 2388 compendio
1123 2307 1272 2369 fabularis
1305 2308 1456 2370 historiae

198 2413 391 2495 Apollodori
416 2411 631 2476 bibliothecae
646 2417 829 2496 propinquo
853 2413 1067 2494 descripsisse,
1092 2415 1175 2474 unde
1192 2433 1345 2490 generum
1363 2423 1456 2475 stem·
1516 2412 1538 2423 “

199 2529 281 2582 mata
305 2527 338 2580 et
353 2517 495 2592 labulas’,
522 2538 605 2599 quae
629 2541 656 2582 c.
680 2521 805 2601 67-75
840 2520 1004 2599 leguntur,
1036 2539 1182 2580 manasse
1203 2517 1294 2580 'Otto
1324 2517 1458 2580 Sieroka

201 2624 422 2704 pronuntiavit.

280 2731 329 2792 At
352 2729 431 2791 salse
447 2730 672 2812 conclusimus
696 2730 722 2791 si
745 2739 831 2790 recte
852 2729 1086 2791 contenderunt
1102 2728 1339 2792 Maximilianus
1360 2731 1456 2791 Well·

197 2856 291 2899 mann
322 2845 355 2896 et
377 2836 547 2897 Eduardus
571 2833 751 2906 Schwartz,
782 2835 963 2896 Diodorum
995 2855 1087 2896 usum
1110 2855 1180 2894 esse
1213 2833 1380 2896 Hellanico
1402 2845 1457 2896 aut

195 2943 264 3022 ipso
300 2951 356 3003 aut
389 2940 430 3003 ab
463 2941 547 3002 lstro
580 2949 736 3019 excerpto
770 2949 802 3000 et
834 2939 995 3020 Euripidis
1027 2940 1271 3000 Phoenissarum
1306 2939 1454 3020 prologo,

194 3047 337 3109 Necesse
361 3046 457 3126 igitur
480 3056 537 3118 est,
562 3053 674 3107 contra
696 3045 781 3106 viros
805 3044 877 3106 illos
902 3045 1017 3106 doctos
1040 3064 1230 3124 pugnemus.

281 3152 334 3214 Ac
368 3152 606 3213 Maximilianus
639 3149 890 3231 Wellmann1103)
925 3151 1071 3229 quidem,
1107 3150 1196 3229 quod
1229 3161 1355 3222 censet,
1392 3171 1456 3211 non

195 3260 313 3320 diserte
336 3258 432 3318 dixit:
457 3259 514 3318 sed
537 3277 610 3318 cum
623 3256 758 3317 Diodori
781 3256 838 3316 IV.
862 3277 888 3323 c,
913 3256 949 3316 61
978 3258 1096 3334 §rr—7
1120 3254 1287 3315 Hellanico
1310 3256 1457 3329 vindicet,

196 3364 287 3425 facile
312 3364 382 3443 quis
405 3363 545 3443 colligat,
570 3362 673 3422 virum
696 3362 828 3422 doctum
852 3361 910 3423 sibi
941 3360 1144 3440 persuasisse,
1176 3359 1361 3421 historicum
1385 3361 1457 3422 Hel-

195 3469 290 3532 lanici
314 3468 486 3530 Atthidem
510 3467 657 3529 manibus
679 3467 802 3528 trivisse
833 3475 888 3528 aut
911 3467 983 3527 Istri
1007 3467 1179 3547 συναγωγὴν
1197 3463 1359 3542 Ἀτθίδων,
1382 3486 1455 3527 cum

195 3578 412 3647 demonstret,
446 3573 653 3646 Pausaniam,
686 3573 740 3653 qui
769 3573 792 3633 I.
824 3588 873 3633 22.
900 3586 914 3650 5
941 3571 1064 3634 sabulas
1096 3572 1136 3631 de
1167 3571 1329 3632 Ariadnae
1364 3582 1457 3651 raptu
1543 3591 1545 3596 ⁴

277 3827 324 3896 ¹⁰⁹)
344 3830 510 3880 Inveniuntur
529 3829 632 3895 quidem
651 3829 790 3878 nonnullae
808 3828 909 3878 fabulae
928 3829 959 3876 ad
972 3828 1112 3876 communis
1124 3828 1189 3876 vitae
1207 3828 1328 3877 rationem
1347 3829 1458 3877 detortae

196 3931 220 3970 et
251 3921 278 3969 in
311 3919 435 3984 capitibus
467 3918 582 3982 67-75:
625 3918 695 3968 velut
728 3917 833 3966 Tithoni
863 3916 949 3965 fabula
984 3914 1028 3980 (75
1057 3912 1071 3982 ξ
1098 3915 1127 3980 4)
1155 3925 1180 3964 et
1212 3917 1237 3965 in
1261 3916 1297 3966 eis
1319 3917 1451 3982 capitibus,

196 3999 262 4074 quae
291 4009 373 4072 capite
398 4007 435 4056 IV
463 4006 536 4054 huius
561 4006 739 4070 disputationis
766 4004 942 4063 tractavimus,
971 4005 1041 4052 velut
1069 4004 1266 4053 Molionidarum
1292 4004 1378 4053 fabula
1404 4003 1455 4068 (33,

196 4095 213 4162 ξ
232 4111 257 4160 3,
278 4094 316 4162 4).
352 4095 402 4145 Sed
421 4094 563 4143 Diodorum
582 4096 665 4159 ipsum
684 4095 719 4143 ita
736 4094 781 4142 has
799 4094 898 4142 fabulas
922 4099 1032 4141 mutasse
1053 4108 1105 4141 non
1130 4093 1183 4141 sine
1201 4091 1377 4157 probabilitate
1396 4107 1456 4141 con-

196 4201 309 4235 recimus.

272 4302 321 4369 ¹⁰³)
340 4307 380 4354 De
397 4277 463 4355 Istro
482 4303 657 4362 Callimachio,
677 4305 737 4352 diss.
758 4303 902 4368 Gryphisw.
925 4302 990 4351 1886
1007 4319 1032 4366 p.
1052 4315 1093 4365 93.

248 4417 348 4467 Bethe,
365 4417 517 4468 Quaestiones.
