3438 5028
724 392 936 467 -53-

195 561 308 640 quitur
328 579 438 639 pugna
461 578 535 620 cum
557 546 650 620 tauro
673 557 887 630 Marathonio
921 578 1018 639 quem
1041 556 1198 620 Hercules
1219 577 1263 620 ex
1286 559 1384 622 Creta
1405 561 1458 623 ad·

196 665 345 734 duxerit,
377 663 465 744 apud
495 671 676 744 utrumque.
729 663 917 741 Antequam
948 670 1057 724 autem
1085 663 1248 726 Diodorus
1278 664 1318 726 de
1341 664 1460 728 Thesei

193 768 408 850 expeditione
430 768 462 828 in
482 765 613 829 Cretam
635 765 719 829 lacta
741 766 840 829 verba
862 765 945 839 lacit,
976 767 1115 830 breviter
1136 768 1254 831 Minois
1275 769 1460 851 prosapiam

195 874 383 956 perlustrat.
416 869 509 951 Quae
524 890 600 953 pars
612 871 695 934 bene
711 871 859 952 congmit
872 892 946 934 cum
968 871 1182 936 bibliothecae
1205 893 1237 953 p.
1254 874 1296 934 80
1317 872 1337 935 l.
1354 890 1460 953 9-12

193 989 233 1041 et
257 999 289 1060 p.
312 979 349 1039 81
376 976 395 1038 l.
420 990 563 1055 21-25,
593 986 819 1057 praeterquam
840 977 928 1055 quod
949 976 1113 1040 Diodorus
1135 978 1217 1039 duos
1239 977 1366 1040 Minoes
1388 999 1460 1041 enu-

195 1093 315 1159 merat,
339 1102 478 1164 quorum
499 1080 581 1144 alter
602 1101 704 1162 nepos
727 1089 776 1142 est
797 1079 942 1158 alterius;
966 1083 1024 1144 sed
1046 1081 1181 1144 Diodori
1199 1080 1271 1145 fons
1294 1084 1398 1146 varias
1420 1085 1462 1146 de

195 1189 322 1251 Minois
344 1186 490 1268 patribus
512 1187 685 1250 sententias
707 1186 882 1260 adnotavit,
906 1195 942 1248 ut
963 1207 1006 1249 ex
1027 1207 1054 1249 c.
1072 1187 1113 1250 60
1141 1189 1161 1266 ξ
1184 1203 1201 1265 3
1225 1186 1340 1261 elucet,
1363 1197 1461 1268 atque

180 1297 286 1368 ¹inter
311 1309 366 1355 eas
397 1291 494 1354 etiam
526 1310 617 1366 eam,
649 1311 732 1374 quae
770 1310 870 1353 unum
902 1292 1001 1353 modo
1034 1291 1178 1353 Minoem
1208 1293 1356 1372 agnovit,
1381 1313 1461 1357 „eum

196 1399 304 1460 addat
325 1419 352 1460 c.
373 1397 416 1458 60
438 1398 458 1475 ξ
485 1412 501 1474 3
524 1396 666 1458 secundo
690 1395 799 1458 Minoe
822 1405 1095 1459 commemorato:
1131 1394 1182 1455 »ὅν
1203 1418 1281 1470 τινες
1301 1397 1377 1470 Διὸς
1398 1395 1463 1458 υἱὸν

194 1501 459 1585 ἀναγράφουσινι,
484 1500 630 1581 Juppiter
651 1509 760 1562 autem
790 1499 883 1580 primi
912 1500 1029 1562 Minois
1052 1510 1145 1582 pater
1165 1500 1214 1563 sit.
1258 1502 1370 1581 Atque
1392 1503 1462 1582 ipse

196 1608 369 1672 Diodorus
400 1607 482 1668 sicut
508 1604 731 1686 Apollodorus
758 1603 841 1666 hanc
871 1605 1015 1684 sequitur
1035 1604 1226 1667 sententiam
1249 1606 1269 1667 l.
1293 1606 1335 1667 V.
1358 1627 1385 1668 c.
1409 1607 1459 1686 78,

196 1715 258 1778 ubi
281 1714 398 1795 partim
422 1710 553 1790 quidem
575 1730 648 1773 eum
668 1710 785 1772 eodem
809 1708 897 1770 fonte
915 1729 1008 1771 usum
1024 1730 1094 1772 esse
1109 1710 1306 1773 crediderim.
1344 1711 1461 1773 Minois

195 1819 305 1881 filium
325 1816 548 1896 Androgeum,
572 1814 694 1896 pergit,
725 1813 779 1895 qui
803 1813 941 1876 Athenis
970 1814 1052 1876 ludis
1081 1812 1320 1877 Panathenaicis
1348 1835 1461 1877 omnes

198 1924 317 1986 vicerit
340 1921 485 2004 (Diodor.
509 1919 567 1981 IV.
590 1919 641 1980 60.
664 1935 685 1994 4
706 1947 749 1971 =
770 1917 846 1982 bibl.
876 1939 906 2000 p.
935 1918 1035 1995 1241.
1064 1920 1129 1998 10),
1160 1917 1362 1981 interfectum
1391 1940 1462 1982 esse

199 2028 338 2090 Thebas
360 2023 552 2107 profectum.
584 2025 695 2105 Atque
718 2023 769 2085 hic
791 2024 960 2086 discrimen
982 2026 1063 2085 inter
1079 2022 1260 2085 Diodorum
1279 2032 1312 2086 et
1326 2023 1463 2104 Apollo·

197 2136 321 2197 dorum
344 2131 541 2192 intercedere
563 2129 696 2202 videtur,
729 2129 786 2192 sed
808 2129 934 2190 videtur
956 2131 1072 2190 modo:
1104 2130 1136 2190 in
1156 2127 1351 2191 bibliotheca
1379 2129 1464 2190 enim

199 2261 236 2321 p.
267 2254 326 2313 ¹24
355 2236 374 2297 l.
413 2250 532 2312 12-15
566 2242 726 2306 narratur,
760 2232 801 2294 ab
834 2234 950 2314 Aegeo
983 2234 1134 2296 emissum
1172 2253 1242 2296 esse
1276 2231 1463 2296 Cretensem

93 2393 104 2410 .
201 2351 320 2407 contra
342 2339 462 2402 bovem
491 2337 746 2411 Marathonium,
777 2338 924 2399 nimirum
953 2347 989 2400 ut
1003 2347 1209 2416 .moreretur;
1238 2338 1327 2400 addit
1355 2347 1464 2400 autem

202 2447 384 2511 secundum
401 2442 572 2508 nonnullos
587 2451 734 2505 auctores
750 2464 824 2506 eum
840 2441 971 2524 'lshebas
987 2452 1117 2505 euntem
1132 2444 1173 2506 ab
1189 2443 1299 2506 incolis
1314 2451 1464 2506 necatum

203 2574 291 2618 esse.
335 2551 447 2623 Vides,
470 2569 577 2610 rursus
592 2547 773 2610 Diodorum
788 2549 868 2611 duas
882 2549 986 2610 varias
1000 2547 1124 2610 fabulas
1137 2549 1340 2612 coniunxisse
1355 2549 1408 2620 ita,
1430 2556 1466 2610 ut

209 2659 364 2738 Aegeum
386 2654 513 2716 iussisse
536 2653 629 2726 dicat,
654 2653 867 2732 Androgeum
889 2653 966 2715 illud
991 2656 1051 2715 iter
1073 2651 1241 2716 facientem
1259 2655 1404 2716 interimi.
1427 2687 1467 2698 -

207 2764 297 2825 Tum
318 2781 396 2822 vero
413 2758 632 2826 ,Athenienses
655 2756 738 2819 fame
761 2766 907 2832 vexatos,
931 2758 982 2820 dei
1004 2758 1091 2820 iussu
1113 2757 1213 2822 Minoi
1235 2759 1389 2840 paruisse,
1412 2760 1467 2836 qui

210 2876 340 2949 septem
363 2883 481 2946 pueros
499 2862 689 2944 puellasque
712 2872 837 2942 septem
852 2861 1068 2943 flagitavisset,
1092 2863 1179 2943 apud
1194 2871 1365 2944 utrumque
1378 2862 1466 2943 legis

210 2971 296 3035 Cum
319 2970 516 3042 narratione,
548 2986 630 3047 quae
661 2968 804 3046 sequitur
832 2988 858 3029 c.
889 2967 925 3052 6¹1
961 2970 981 3046 ξ
1007 2981 1089 3046 4-5
1121 2967 1185 3029 init.
1217 2967 1325 3030 confer
1345 2967 1468 3047 Hygini

213 3075 356 3139 fabulam
369 3090 419 3150 42.
446 3074 568 3136 Neuter
582 3080 692 3134 autem
706 3071 835 3146 omittit,
849 3059 1012 3134 Theseum
1027 3080 1141 3154 postea
1148 3070 1311 3133 Ariadnae
1322 3092 1467 3135 sororem

212 3181 392 3244 Phaedram
415 3179 546 3241 duxisse
568 3178 599 3239 in
622 3176 861 3239 matrimonium
883 3178 921 3255 (c.
938 3178 978 3239 62
1003 3180 1023 3257 ξ
1042 3193 1054 3239 1
1080 3205 1123 3230 =
1144 3174 1233 3257 Hyg.
1251 3174 1313 3238 lab.
1329 3192 1369 3254 43
1384 3197 1409 3240 s.
1426 3176 1467 3259 ἱ).

302 3285 408 3347 Valde
443 3292 552 3345 autem
589 3301 711 3360 quaeso
745 3279 996 3355 animadvertas,
1034 3282 1066 3343 in
1098 3289 1188 3343 tanta
1219 3279 1399 3342 fabulamm
1426 3283 1468 3344 de

217 3392 362 3454 Ariadna
382 3390 578 3467 Theseoque
600 3387 753 3447 varietate
776 3383 858 3446 bene
880 3387 1059 3448 consentire
1081 3386 1261 3448 Diodomm
1275 3384 1324 3465 (61
1352 3387 1371 3462 ξ
1390 3398 1417 3463 5,
1437 3387 1469 3464 6)

216 3518 291 3560 cum
306 3495 462 3557 Pausania
478 3493 514 3573 (I.
532 3507 582 3566 22,
601 3491 627 3572 5)
652 3499 684 3551 et
696 3488 902 3570 Apollodoro
911 3490 960 3570 75),
985 3492 1037 3568 qui
1054 3511 1166 3552 omnes
1182 3498 1319 3561 narrant,
1341 3490 1470 3551 Theseo

218 3602 397 3664 Ariadnam
418 3600 449 3659 in
471 3597 534 3658 Dia
556 3593 657 3657 insula
679 3615 698 3676 a
720 3593 849 3656 Baccho
873 3613 942 3656 esse
965 3603 1100 3676 raptam.

306 3819 342 3886 ⁷⁵)
363 3818 511 3870 Observavlt
530 3819 567 3867 M.
588 3816 745 3885 Wellmann:
774 3817 806 3864 de
829 3817 894 3864 Istro
918 3814 1083 3866 Callimachio
1106 3829 1133 3879 p.
1155 3828 1197 3880 93,
1221 3816 1308 3865 confer
1325 3830 1390 3879 quae
1408 3813 1472 3863 infra

220 3910 413 3976 disputabimus.
448 3906 636 3971 Apollodorum
656 3903 723 3953 idem
740 3919 862 3961 narrasse,
892 3904 1002 3968 epitoma
1023 3901 1146 3955 Vaticana
1162 3904 1251 3960 docet,
1281 3918 1357 3967 quam
1377 3901 1473 3951 invenit

223 3999 345 4048 Ricardus
356 3999 475 4059 Wagner.
511 3995 576 4043 Miro
594 4000 677 4042 autem
695 3992 773 4042 modo
791 3992 901 4056 explicat
912 3990 984 4044 ,illius
1002 3990 1104 4047 fabulae
1122 3997 1204 4039 ortum
1217 3988 1295 4054 (Mus.
1308 3993 1390 4040 Rhen.
1401 3989 1473 4041 XLI.

222 4103 250 4152 p.
268 4084 335 4150 145):
357 4085 421 4134 ’Die
431 4080 682 4146 lokalpatriotischen
690 4081 844 4130 Tendenzen
856 4081 901 4128 des
909 4079 1034 4128 Atheners
1046 4078 1191 4143 Apollodor
1202 4078 1258 4126 sind
1270 4080 1355 4144 ltingst
1366 4079 1473 4127 erkannt

225 4171 262 4240 (v.
280 4174 374 4222 Robert
392 4188 415 4222 a.
433 4187 456 4221 a.
474 4171 508 4220 Ο.
527 4186 553 4234 p.
572 4168 630 4234 34);
654 4170 731 4219 ihnen
753 4169 866 4230 schliesst
890 4167 943 4216 sich
966 4166 1065 4230 wlirdig
1088 4182 1134 4225 an,
1161 4166 1216 4216 dass
1239 4167 1303 4216 auch
1326 4183 1353 4216 er
1369 4166 1475 4216 bemuht

226 4276 343 4326 gewesen
359 4261 399 4320 ist,
420 4261 471 4309 den
489 4258 662 4308 schlimmsten
673 4257 785 4307 Flecken
803 4273 854 4307 von
873 4257 931 4305 dem
949 4255 1105 4320 gliinzenden
1117 4255 1190 4304 Bilde
1204 4255 1248 4304 des
1259 4255 1474 4304 Nationalhelden

227 4365 260 4398 zu
286 4349 387 4412 filgenoe
425 4349 532 4396 Putatne
558 4362 642 4396 revera
668 4347 769 4395 demum
797 4346 907 4396 secundo
931 4362 957 4409 p.
981 4343 1039 4393 Chr.
1062 4359 1087 4398 n.
1109 4343 1158 4393 hoc
1182 4343 1347 4392 Athenienses
1370 4343 1473 4393 fecisse?
