3480 5030
776 361 987 422 „25-

249 536 396 612 μαθητοῦ
420 533 497 592 κατὰ
524 531 617 614 μέρος
644 529 868 614 ἀναγράψομεν,
892 519 965 590 ὅταν
995 530 1050 601 τὰς
1074 528 1193 610 πράξεις
1217 530 1311 589 αὐτοῦ
1332 529 1502 610 ιλιιξίωμενι

250 657 290 698 eo
307 637 419 718 magis,
435 657 518 712 cum,
536 658 618 720 quae
633 636 684 699 hic
700 637 936 718 promittuntur,
953 633 1099 715 legantur
1114 633 1133 695 1.
1150 633 1208 696 IV.
1225 655 1252 696 c.
1270 649 1307 714 25
1326 638 1346 715 ξ
1363 636 1505 717 2-431).

249 739 335 802 Tum
351 741 450 804 verba
465 744 485 822 ἓ
499 759 533 819 4;
562 742 631 802 »τὸν
648 738 676 802 δ’
695 735 747 802 οὖν
761 741 862 802 Λίνον
877 739 950 823 φασὶ
965 746 1029 811 τοῖς
1042 741 1242 821 Πελασγικοῖς
1257 737 1431 822 μράμμασιι
1452 745 1507 802 κτλ

250 846 423 927 respiciunt
444 847 592 909 videlicet
614 847 698 932 adff§
726 863 736 906 1
764 855 796 908 et
818 846 957 927 demptis
980 845 1190 926 paragraphis
1213 860 1231 905 2
1251 853 1284 907 et
1299 862 1316 924 3
1333 845 1416 908 bene
1431 867 1505 908 cum

249 970 288 1013 ea
310 950 492 1014 cohaerent.
529 935 678 1030 Denique
700 960 884 1032 temporum
906 949 987 1011 ratio
1010 948 1288 1030 interpolationem
1303 950 1504 1013 manifestam

248 1055 411 1136 redditu).
446 1055 653 1137 Paragrapho
684 1056 768 1118 enim
790 1055 929 1117 secunda
951 1053 1106 1116 Hercules
1129 1064 1161 1117 et
1184 1054 1334 1135 Orpheus
1355 1055 1427 1117 Lini
1442 1057 1520 1118 dis-'

249 1159 344 1240 cipuli
375 1162 594 1237 nominantur;
629 1162 649 1239 ᾧ
674 1174 689 1238 5
720 1168 829 1223 autem
865 1158 1087 1238 Thymoetas,
1121 1159 1353 1222 Laomedontis
1390 1181 1503 1243 nepos,

247 1262 368 1346 Orphei
391 1265 533 1347 aequalis
556 1264 651 1327 fuisse
673 1265 803 1327 dicitur:
826 1284 904 1344 ergo
920 1284 992 1326 eum
1009 1264 1155 1327 Herculis
1169 1263 1370 1346 temporibus
1385 1265 1502 1329 vixisse

247 1369 503 1432 concludendum
533 1379 591 1438 est.
640 1368 705 1432 Sed
728 1369 791 1432 hoc
819 1389 915 1432 sanus
944 1390 1040 1432 nemo
1070 1371 1264 1432 contendere
1291 1371 1406 1451 potuit,
1429 1393 1503 1436 cum

247 1473 421 1538 Herculem
447 1496 520 1539 cum
536 1474 770 1548 Laomedonte,
794 1474 1000 1554 Thymoetae
1022 1496 1093 1550 avo,
1119 1465 1186 1537 r‘em
1206 1475 1355 1538 habuisse
1371 1476 1503 1559 vulgata

247 1588 333 1641 esset
359 1578 525 1662 tabularu).
1068 1591 1072 1595 ’

334 1767 370 1836 ³¹)
390 1771 443 1820 Iam
468 1773 555 1820 Petrus
572 1769 716 1834 Wesseling
733 1771 841 1820 Diodori
865 1771 915 1820 ΙΙΙ.
935 1786 957 1820 c.
976 1771 1008 1832 67
1028 1769 1042 1835 ἓ
1068 1784 1160 1831 4cum
1185 1772 1203 1821 l.
1229 1771 1275 1821 IV.
1299 1787 1320 1821 c.
1342 1785 1373 1838 25
1400 1771 1415 1838 ἓ
1435 1787 1503 1836 2-4

247 1858 386 1909 coniunxit.
424 1859 485 1908 Otto
509 1858 614 1909 Sierolra
630 1858 648 1910 1.
665 1858 685 1908 l.
706 1874 731 1923 p.
750 1872 766 1921 9
784 1866 837 1910 not.
857 1858 955 1908 dubitat
978 1859 1010 1906 de
1035 1858 1081 1907 hac
1104 1875 1130 1908 re
1150 1867 1176 1909 et
1193 1875 1223 1909 eo
1241 1861 1369 1924 pervenit,
1395 1869 1423 1912 ut
1442 1878 1501 1912 oon·

243 1944 335 2005 iceret,
361 1947 503 1996 Diodorum
526 1945 642 2010 promissi
661 1962 714 1995 esse
738 1947 854 1997 oblitum.
891 1948 969 1996 Recte
992 1955 1077 1995 autem
1094 1947 1214 2011 cognovit
1237 1949 1274 1997 vir
1297 1950 1395 2010 doctus,
1416 1951 1433 2000 l.
1454 1953 1500 2003 IV.

245 2050 268 2084 c.
289 2046 320 2099 25
337 2031 352 2101 ξ
371 2049 439 2096 2-4
459 2035 491 2083 ab
508 2034 552 2093 eis,
573 2050 637 2100 quae
655 2035 809 2099 praecedunt
826 2043 851 2085 et
871 2049 936 2098 quae
959 2043 1106 2098 sequuntur,
1127 2036 1222 2086 alienas
1246 2053 1307 2087 esse.
1344 2037 1418 2088 Unde
1437 2040 1499 2089 Dio-

246 2122 321 2172 doms
339 2124 356 2171 l.
377 2123 426 2173 III.
444 2139 466 2174 c.
485 2122 517 2184 67
537 2119 555 2187 ᾖ
573 2135 596 2177 2,
617 2136 632 2186 3
652 2129 676 2172 et
695 2125 712 2172 l.
735 2125 781 2172 Ν.
801 2140 822 2173 c.
841 2135 872 2186 25
892 2119 909 2186 ξ
928 2135 996 2182 2-—4
1013 2122 1132 2185 hauserit,
1154 2125 1247 2175 nescio.

327 2206 363 2276 ³²)
375 2209 551 2276 suppeditavit
560 2210 621 2260 mihi
631 2211 679 2262 hoc
688 2219 861 2276 argumentum
872 2213 982 2277 benigne
992 2212 1125 2262 Udalricus
1134 2212 1166 2260 de
1178 2212 1345 2264 Wilamowitz
1354 2224 1496 2282 praceptor.

330 2295 365 2364 ³³)
388 2299 507 2348 Similiter
531 2314 569 2348 res
593 2316 620 2348 se
643 2300 719 2350 habet
740 2301 766 2348 in
784 2299 892 2348 Diodori
915 2301 972 2349 libri
989 2301 1010 2350 Ι.
1029 2316 1050 2350 c.
1072 2312 1111 2362 19.
1133 2299 1212 2349 Cuius
1231 2297 1246 2366 ἓ
1267 2313 1334 2364 2-4
1351 2319 1366 2351 a
1383 2303 1498 2354 Diodoro

246 2386 273 2436 in
291 2387 403 2452 epitoma
419 2415 454 2426 -
471 2386 556 2436 nescio
574 2387 644 2438 cuius
661 2415 694 2424 -
712 2387 828 2449 auctoris,
849 2404 900 2452 quo
918 2389 944 2437 in
961 2389 1035 2437 rebus
1052 2388 1186 2452 Aegyptiis
1196 2403 1255 2438 usus
1268 2397 1314 2449 est,
1335 2391 1498 2456 interpolatas

242 2491 296 2524 esse
313 2491 403 2526 censeo
421 2477 460 2525 his·
477 2477 509 2526 de
535 2477 628 2526 causis:
650 2477 758 2542 primum
779 2476 845 2524 enirn
871 2477 946 2526 Nilus
964 2493 987 2526 c.
1010 2490 1041 2540 19
1059 2473 1108 2542 §2
1135 2478 1215 2526 Aetus
1238 2478 1394 2540 nominatur;
1425 2482 1495 2545 quod

243 2564 287 2628 qui
305 2573 414 2626 excuset,
435 2561 449 2632 ξ
467 2579 485 2625 4
502 2565 605 2615 demum
623 2565 680 2614 satis
698 2564 773 2613 stulte
791 2565 919 2614 Diodorus
938 2565 1054 2623 affirmat,
1075 2564 1136 2613 Nilo
1149 2565 1213 2615 inter
1224 2566 1292 2614 varia
1303 2566 1408 2616 nomina
1418 2567 1495 2618 etiam

241 2652 300 2700 Aeti
318 2651 410 2711 fuisse;
431 2653 523 2703 deinde
540 2652 702 2703 Prometheus
720 2653 803 2701 subito
822 2669 844 2702 c.
865 2665 895 2713 19
914 2649 928 2718 ξ
951 2667 960 2701 1
982 2653 1066 2710 adest,
1093 2669 1247 2726 quamquam
1266 2662 1347 2712 antea,
1368 2664 1436 2706 ute.
1456 2673 1494 2722 gr.

240 2738 372 2800 Hercules,
392 2757 444 2791 non
462 2748 669 2792 commemoratus
688 2749 738 2800 est;
766 2749 819 2789 tum
837 2740 982 2802 Herculem,
1003 2757 1078 2806 quem
1097 2757 1119 2791 c.
1142 2752 1172 2803 17
1191 2739 1206 2808 ξ
1227 2757 1242 2807 3
1263 2751 1388 2792 narratum
1406 2753 1444 2794 est
1461 2748 1494 2796 ab

239 2827 338 2878 Osiride
355 2830 460 2894 imperio
479 2829 631 2896 praesectum
650 2827 764 2878 relictum
781 2845 844 2888 esse,
866 2836 924 2892 apte
947 2827 1051 2891 quidem
1073 2829 1213 2879 Busiridem
1231 2836 1256 2878 et
1274 2831 1401 2880 Antaeum
1419 2835 1493 2898 puni·

239 2916 303 2965 visse
329 2917 446 2982 fingitur,
472 2917 515 2968 sed
539 2916 641 2966 minime
659 2925 717 2982 apte
735 2932 792 2965 eum
811 2916 898 2965 Nilum
917 2917 943 2966 in
961 2916 1028 2981 ripas
1046 2919 1169 2968 remisisse
1187 2919 1304 2976 refertur,
1330 2921 1391 2984 quia
1408 2921 1443 2971 ita
1461 2923 1493 2973 de

240 3005 346 3055 Osiridis
364 3007 443 3072 ipsius
459 3005 542 3070 gloria
559 3005 710 3065 detrahitur;
731 3005 840 3070 denique
858 3006 925 3055 enim
942 3006 1008 3056 idem
1022 3007 1145 3057 diluvium
1157 3007 1211 3056 Nili
1224 3007 1293 3056 fluvii
1310 3007 1349 3057 bis
1362 3010 1491 3062 domatur:

239 3101 264 3142 et
281 3095 314 3143 ab
331 3094 440 3144 Hercule
460 3100 484 3142 et
502 3093 534 3142 ab
554 3093 662 3143 Osiride.
688 3093 824 3156 Quomodo
841 3100 925 3143 autem
949 3094 1073 3145 Hercules
1091 3096 1117 3144 id
1136 3095 1254 3156 effecerit,
1280 3096 1322 3144 vix
1333 3097 1489 3163 intelligitur,

241 3183 370 3246 quomodo
389 3181 477 3245 Osiris,
495 3181 606 3231 dilucide
623 3182 770 3247 explicatur.
800 3183 923 3232 Probatur
940 3197 999 3232 vero
1017 3199 1073 3232 mea
1090 3185 1215 3234 sententia
1232 3200 1271 3243 eo,
1293 3186 1363 3250 quod
1382 3186 1491 3253 demptis

237 3276 262 3318 et
288 3269 319 3318 de
344 3270 410 3318 Aeto
436 3269 513 3319 ssuvio
537 3269 643 3319 historia
666 3279 691 3320 et
716 3270 747 3320 de
766 3269 820 3319 Nili
841 3270 915 3320 variis
938 3273 1081 3321 nominibus
1104 3273 1316 3323 commentatione
1339 3290 1390 3323 non
1414 3277 1490 3326 modo

238 3371 324 3406 omnes
342 3357 402 3406 illae
422 3357 582 3408 difficultates
600 3367 764 3420 evanescunt,
791 3361 835 3408 sed
853 3358 928 3407 etiam
946 3360 1015 3409 salva
1033 3368 1110 3426 atque
1127 3362 1225 3425 integra
1243 3368 1267 3409 et
1291 3361 1397 3428 simplex
1416 3364 1489 3414 intel-

237 3443 354 3508 lectuque
373 3444 454 3494 facilis
472 3446 556 3494 evadit
580 3447 688 3496 narratio
705 3447 781 3496 haec:
806 3444 894 3512 (c.'19
913 3444 928 3513 §
950 3446 974 3513 1)
1001 3445 1132 3502 »Τούτων
1150 3445 1175 3499 ‹l'
1193 3443 1282 3502 ὄντων
1304 3453 1369 3523 περὶ
1393 3461 1489 3517 ταῦτα,

238 3524 288 3582 τὸν
306 3526 406 3584 Νεῖλόν
424 3549 496 3603 φασι
517 3529 587 3586 κατὰ
610 3530 659 3600 τὴν
676 3544 726 3586 τοῦ
743 3519 850 3606 σειρίου
868 3528 970 3607 ἄστρου
991 3532 1135 3604 ἔπιτολήν,
1160 3538 1190 3590 ἐν
1214 3523 1235 3605 ᾧ
1256 3541 1344 3611 καιρῷ
1367 3537 1488 3611 μάλιστα

234 3621 318 3671 εἴωθε
335 3620 521 3686 πληροῦσθαι,
544 3623 663 3696 ῥαγέντα
682 3620 851 3676 κατακλύσαι
868 3619 975 3689 πολλὴν
993 3628 1039 3689 τῆς
1057 3623 1213 3693 Αἰγύπτου.
1234 3625 1261 3694 (ἓ
1281 3628 1307 3694 5)
1330 3622 1379 3682 τὸν
1399 3625 1423 3682 δ’
1438 3625 1489 3685 οὖν

236 3701 342 3779 Ὄσιριν
360 3704 592 3781 παραγενόμενον
605 3711 653 3764 aa
671 3711 735 3770 τοὺς
751 3713 798 3775 τῆς
809 3715 967 3771 Αἰθιοπίας
980 3709 1062 3782 ὅρους
1074 3709 1124 3767 τὸν
1136 3710 1268 3785 ποταμὸν
1280 3716 1309 3778 ἐξ
1319 3713 1488 3789 ἀμφοτέρων

233 3797 289 3848 τῶν
305 3797 398 3868 μερῶν
414 3795 543 3867 χώμασιν
552 3793 719 3866 οἷναλαβεῖνι
733 3801 790 3851 κτλ.
802 3827 836 3836 -
849 3801 920 3851 Licet
933 3818 1093 3866 cognoscere,
1109 3804 1149 3853 cui
1162 3805 1258 3855 auctori
1273 3807 1401 3856 Diodorus
1417 3825 1486 3874 prae·

231 3883 324 3934 claram
349 3885 419 3935 illam
444 3887 475 3936 de
497 3889 563 3936 Aeto
588 3887 691 3937 flumine
715 3889 883 3939 narrationem
904 3867 1006 3942 debeat.
1042 3891 1119 3940 Plane
1142 3892 1209 3941 idem
1227 3893 1294 3943 enirn
1312 3910 1342 3944 ex
1359 3897 1487 3962 Agroetae

231 3971 383 4036 Libycorum
406 3973 470 4024 libro
488 3976 528 4024 III
551 3974 595 4039 (sic
614 3975 689 4036 Keil,
716 3972 751 4042 ιγ’
777 3977 835 4027 cod.
855 3977 986 4045 Laurent.)
1010 3980 1101 4028 Theon
1123 3982 1156 4029 ad
1180 3981 1311 4046 Apollonii
1336 3985 1431 4034 Rhodii
1448 3987 1484 4036 ΙΙ.

234 4061 297 4121 1248
330 4058 374 4126 (cf.
404 4062 482 4112 schol.
502 4063 629 4114 Theocrit.
658 4064 718 4114 VII.
746 4062 804 4129 76),
836 4067 879 4130 qui
909 4067 1035 4116 Herodori
1063 4068 1164 4118 fabulae
1188 4069 1423 4134 interpretationem
1449 4090 1487 4124 se·

231 4149 321 4212 quitur,
341 4150 481 4216 adscripsit.
510 4153 606 4200 Revera
624 4153 656 4201 ab
667 4155 778 4217 Agroeta
796 4151 885 4204 Nilum
902 4155 1060 4212 nominatum
1079 4173 1131 4206 esse
1148 4151 1249 4216 Ἀετόν,
1271 4168 1374 4226 propter
1385 4162 1485 4211 titulum

234 4231 377 4302 »Λιβυκιὶι
399 4238 496 4288 videtur
507 4241 649 4290 verisimile.
677 4240 796 4290 Ceterum
809 4241 938 4291 Diodorus
955 4244 1032 4292 etiam
1049 4245 1095 4295 IV.
1117 4246 1185 4310 26,3
1206 4247 1332 4310 Agroetae
1351 4249 1486 4300 frustulum

229 4325 302 4376 offert
329 4323 373 4390 (cf.
394 4327 474 4377 schol.
493 4328 616 4392 Apollon.
636 4329 682 4379 IV.
704 4328 785 4394 1396),
806 4326 838 4380 de
853 4347 909 4395 quo
929 4331 995 4381 infra
1018 4333 1174 4384 disseremus.
1210 4333 1326 4384 Ceterum
1351 4337 1484 4386 Eduardus
