3438 5028
777 390 989 454 „70-

255 556 405 626 uterque,
437 544 611 606 Herculem
641 543 772 624 optimis
802 541 954 605 heroibus
984 543 1126 605 collectis
1157 546 1195 624 (c.
1221 560 1261 623 32
1291 547 1311 624 ἓ
1337 562 1417 623 3=
1439 546 1516 608 bibl.

255 672 287 733 p.
318 651 361 729 69
389 648 408 711 l.
442 650 472 727 5)
503 637 686 710 octodecim
714 647 849 709 navibus
878 647 1012 710 Troiam
1045 647 1227 729 profectum
1255 652 1294 729 (c.
1321 667 1359 729 32
1390 653 1517 730 §2=

255 744 387 835 bibl.'p.
411 754 469 832 69,
500 752 520 814 l.
543 752 592 833 4),
628 750 776 814 Oicleum
811 752 898 833 apud
927 772 1026 815 naves
1057 752 1239 834 reliquisse,
1274 763 1309 816 ut
1341 756 1409 836 ipse
1442 773 1517 818 curn

257 860 370 923 ceteris
400 857 556 939 oppidum
586 867 793 938 oppugnaret
815 858 846 938 (ξ
871 875 887 936 3
911 886 954 909 =
976 856 997 922 l.
1021 859 1051 940 7)
1061 858 1112 931 9²).
1156 857 1415 923 Laomedontem
1438 882 1517 924 vero

257 965 341 1028 clam
364 966 406 1026 ad
429 983 519 1026 oram
543 961 756 1052 accelerasse,
787 963 909 1042 impetu
933 960 1019 1025 facto
1043 961 1192 1025 Oicleum
1214 964 1409 1027 interfecisse
1432 970 1472 1047 (ξ
1497 982 1514 1046 3

255 1099 299 1122 =
314 1071 333 1132 l.
349 1069 398 1150 9);
422 1077 491 1130 tum
507 1069 607 1130 Troia
627 1077 723 1149 capta
738 1066 952 1129 Telamonem
975 1067 1017 1128 ab
1031 1066 1171 1129 Hercule
1194 1071 1373 1148 praemium
1392 1071 1517 1133 virtutis

257 1175 435 1238 Hesionam
450 1175 622 1255 accepisse,
647 1174 767 1254 quippe
784 1173 837 1253 qui
856 1172 1000 1234 omnium
1015 1173 1139 1253 primus
1161 1193 1287 1235 murum
1310 1174 1517 1256 perfregisset

259 1282 290 1362 (ξ
315 1295 330 1360 5
354 1310 397 1333 =
419 1281 438 1343 l.
466 1295 503 1340 12
524 1298 607 1359 sqq,
631 1276 650 1338 l.
675 1279 737 1358 20).

340 1385 478 1449 Accedit
507 1394 616 1446 autem
646 1381 709 1444 hoc
744 1383 818 1444 loco
848 1382 953 1463 primo
984 1382 1127 1446 eiusdem
1156 1381 1284 1444 fabulae
1318 1385 1426 1459 testis,
1462 1387 1517 1465 qui

257 1510 432 1575 quamqam
467 1489 607 1552 breviter
643 1489 773 1568 quidem
813 1488 994 1549 necessario
1038 1488 1146 1550 omnia
1182 1490 1360 1562 contraxit,
1406 1499 1517 1554 tamen

257 1597 387 1660 minime
410 1604 460 1658 est
481 1594 735 1657 contemnendus
765 1593 846 1654 inter
873 1590 952 1654 alias
974 1613 1087 1655 causas
1110 1593 1208 1654 etiam
1229 1602 1403 1674 propterea
1426 1597 1517 1674 quod

260 1721 364 1783 paene
386 1701 428 1763 ad
442 1699 577 1762 Diodori
599 1707 740 1760 aetatem
761 1697 928 1760 adscendit
936 1697 993 1780 ⁸³lz
1016 1707 1129 1760 auctor
1151 1698 1363 1778 inscriptionis
1386 1699 1518 1762 tabulae

257 1807 480 1882 Farnesianae,
505 1806 558 1886 qui
574 1805 694 1866 Dorica
716 1803 853 1866 dialectu
876 1801 963 1864 haud
981 1823 1110 1884 semper
1127 1801 1259 1865 feliciter
1277 1824 1353 1865 usus
1368 1803 1518 1867 Herculis

257 1931 395 1994 parerga
425 1909 657 1986 celebravit⁸4).
702 1908 780 1970 Eius
808 1907 924 1983 verba,
956 1928 1039 1989 quae
1067 1908 1130 1970 huc
1160 1906 1293 1980 faciunt,
1331 1918 1406 1970 sunt
1434 1909 1517 1972 haec

343 2119 379 2187 εἳ)
399 2121 467 2170 Male
493 2119 519 2168 in
540 2118 649 2182 Diodori
675 2126 744 2166 textu
770 2117 874 2181 legitur:
907 2113 972 2170 »τὸν
998 2112 1174 2189 Ἀμφιαράου
1206 2117 1268 2170 υἱὸν
1300 2121 1425 2172 lele‘cm
1463 2121 1516 2169 Aut

257 2210 386 2259 Diodorus
404 2216 432 2258 ut
450 2207 550 2272 saepius
567 2205 665 2263 erravit,
687 2221 841 2270 quamquam
859 2221 880 2256 c.
900 2205 932 2256 68
951 2204 969 2272 ᾖ
988 2219 1002 2272 5
1022 2217 1088 2256 recte
1107 2207 1188 2256 Oiclei
1207 2207 1350 2272 prosapiam
1371 2208 1453 2268 refert,
1472 2217 1515 2257 aut

256 2314 313 2347 curn
331 2297 428 2346 Iacobo
446 2297 561 2344 Palmero
578 2287 757 2364 Ἀμφιαράου
781 2293 875 2342 librarii
893 2294 954 2344 vitio
979 2311 1010 2343 ex
1026 2290 1194 2365 Ἀντιφάτου
1217 2295 1312 2344 factum
1336 2313 1390 2346 esse
1411 2312 1516 2346 censen·

255 2387 316 2435 dum
335 2392 379 2434 est.

343 2470 379 2538 ⁸³)
399 2472 509 2536 Augusti
533 2479 614 2520 aetate
639 2468 773 2519 fabricatae
798 2477 855 2518 sunt
880 2471 993 2530 tabulae,
1022 2487 1086 2535 quae
1106 2470 1361 2522 »Bilderchronikenr
1384 2483 1516 2524 vocantur.

254 2563 321 2612 Vide
341 2552 520 2611 »Griechische
538 2558 777 2620 Bilderchroniken,
804 2558 943 2607 bearbeitet
961 2573 1011 2606 von
1031 2558 1093 2607 Otto
1108 2557 1190 2621 Jahn,
1214 2561 1323 2609 beendet
1340 2563 1392 2610 und
1413 2563 1516 2613 heraus-

253 2651 371 2718 gegeben
400 2665 450 2698 von
477 2648 560 2698 adolf
584 2646 747 2706 Michaelis«,
779 2664 806 2711 p.
836 2656 868 2709 79
895 2662 950 2711 sqq.
995 2645 1063 2707 Quid
1089 2647 1122 2695 de
1149 2646 1258 2705 fabulis,
1294 2665 1357 2713 quas
1384 2651 1513 2709 exhibent,

253 2739 419 2791 iudicandum
445 2738 490 2795 sit,
519 2734 635 2801 exposuit
661 2734 797 2784 Udalricus
821 2735 853 2784 de
877 2734 1057 2784 Wilamowitz:
1091 2735 1257 2784 Homerische
1284 2737 1515 2803 Untersuchungeu

252 2846 278 2894 P·
297 2841 347 2893 332
366 2843 405 2892 ⁵²1·
463 2903 465 2908 Ι

339 2913 375 2982 84)
395 2915 520 2964 Tabulam
538 2912 718 2962 Farnesianam
737 2909 817 2975 (apud
836 2911 868 2960 Ο.
881 2912 947 2976 Jahn
965 2920 990 2962 et
1008 2912 1058 2962 Ad.
1077 2911 1210 2961 Michaelis
1225 2911 1257 2978 J)
1277 2930 1336 2963 cum
1353 2915 1515 2978 Apollodoro

254 3013 279 3054 et
297 3004 413 3055 Diodoro
431 3003 571 3052 consentire
592 3000 642 3049 iarn
663 2999 760 3048 Corsini
779 3001 910 3063 cognovit:
930 3017 955 3050 v.
975 3000 1199 3050 Bilderchroniken
1217 3017 1243 3066 p.
1262 3001 1304 3061 84.
1342 3003 1421 3051 Haud
1438 3013 1512 3067 puto,

254 3102 320 3142 recte
343 3091 468 3141 Adollam
491 3089 624 3140 Michaelis
653 3087 746 3137 dixisse
769 3087 1004 3152 (Bilderchroniken
1034 3106 1061 3153 p.
1086 3087 1142 3152 84):
1178 3080 1320 3152 »Ubrigens
1342 3092 1434 3140 nimmt
1455 3092 1514 3155 jene

254 3181 373 3230 Inschrift
394 3180 434 3244 (J,
458 3179 499 3228 die
519 3177 711 3228 Prosainschrit't
734 3175 779 3225 auf
802 3176 851 3224 den
877 3177 998 3242 Pfeilern)
1019 3178 1100 3228 durch
1124 3178 1195 3227 ihren
1218 3178 1354 3242 gemtifsigt
1379 3179 1513 3231 dorischen

254 3269 367 3328 Dialekt,
387 3268 495 3318 welcher
513 3267 577 3316 auch
595 3267 621 3315 in
637 3267 682 3314 der
693 3263 957 3328 chronographischen
969 3267 1046 3316 Notiz
1058 3267 1103 3316 der
1114 3268 1230 3331 gleichen
1242 3267 1317 3316 Tafel
1331 3265 1360 3332 (l.
1373 3268 1423 3330 362
1432 3269 1511 3335 sqq),

254 3358 324 3406 nicht
342 3357 402 3406 aber
422 3355 447 3404 in
465 3357 515 3404 den
534 3355 639 3418 librigen
658 3352 812 3403 Inschriften
836 3352 969 3403 derselben
987 3355 1061 3404 Tafel
1085 3356 1265 3415 wiederkehrt,
1291 3356 1348 3405 eine
1371 3357 1513 3408 besondere

253 3445 332 3495 Stelle
350 3444 399 3494 ein.
434 3444 567 3493 Natiirlich
587 3444 618 3492 ist
642 3444 710 3492 diese
728 3440 972 3503 Eigentiimlichkeit
994 3443 1040 3490 auf
1061 3443 1103 3493 die
1125 3446 1243 3496 beuutzte
1262 3445 1353 3508 Quelle
1377 3447 1512 3496 zuruckzu-

251 3533 340 3582 fuhren
358 3569 364 3582 .
381 3570 386 3583 .
404 3553 426 3582 ,ι
465 3532 516 3582 Sed
529 3532 653 3582 Doridem
670 3530 738 3579 illius
756 3530 822 3579 tituli
844 3544 897 3579 non
915 3544 968 3578 esse
986 3531 1109 3594 optimam
1128 3533 1181 3596 ipse
1193 3533 1326 3582 Michaelis
1344 3534 1371 3581 in
1388 3544 1449 3582 nota
1461 3547 1511 3600 435
1535 3587 1538 3592 ,

253 3639 279 3686 p.
292 3621 324 3682 84
343 3620 462 3670 ostendit.
499 3621 575 3683 Quod
595 3628 678 3668 autem
696 3619 722 3666 in
740 3619 904 3667 adnotatione
922 3617 1141 3684 chronographica
1159 3622 1247 3670 eadem
1261 3620 1336 3670 Doris
1355 3622 1510 3686 observatur,

250 3709 317 3764 mihi¹
332 3710 503 3759 demonstrare
515 3708 622 3766 videtur,
642 3722 697 3756 cum
717 3706 776 3755 illae
794 3723 809 3754 a
827 3705 1043 3769 mythographicis
1061 3707 1151 3756 harum
1170 3710 1313 3758 tabularum
1332 3711 1446 3774 partibus
1457 3711 1512 3760 sine

250 3799 328 3848 dubio
347 3798 399 3846 sint
416 3795 589 3860 segregandae
606 3803 631 3843 et
648 3796 757 3843 eundem
770 3809 858 3843 omnes
870 3792 993 3855 originem
1006 3797 1115 3858 prodant
1131 3794 1165 3858 (v.
1178 3796 1403 3847 Bilderchroniken
1416 3816 1442 3863 p.
1453 3799 1508 3864 82),

248 3885 441 3952 grammaticum
467 3901 481 3933 e
507 3899 553 3932 suo
577 3884 680 3947 ingenio
705 3883 732 3931 in
757 3882 830 3931 titulo
853 3881 1001 3941 scribendo,
1029 3885 1072 3948 qui
1096 3884 1202 3933 Herculi
1228 3885 1371 3934 dedicatam
1397 3887 1511 3935 tabulam

249 3983 365 4034 ornaret,
395 3973 494 4023 doricas
517 3972 654 4021 nonnullas
671 3971 764 4020 formas
787 3968 948 4028 adhibuisse,
976 3984 1003 4019 ut
1026 3971 1100 4019 huius
1118 3972 1279 4021 Doriensium
1298 3973 1380 4022 herois
1398 3974 1511 4024 facinora

249 4063 325 4111 etiam
354 4062 449 4111 Dorica
478 4061 588 4111 dialectu
618 4061 720 4109 referret
748 4069 773 4108 et
804 4053 949 4111 εὐπίνειαν
979 4060 1108 4122 quandam
1139 4061 1238 4110 novicio
1269 4061 1339 4125 operi
1365 4063 1510 4112 obduceret.

247 4151 397 4202 Rectissime
423 4149 501 4214 igitur
526 4157 589 4214 puto
614 4149 727 4214 Zoegam
751 4146 786 4213 (v.
811 4146 1037 4196 Bilderchroniken
1061 4165 1086 4212 p.
1110 4148 1159 4212 85,
1189 4157 1241 4199 not.
1259 4147 1323 4213 437)
1347 4149 1509 4210 conclusisse,

247 4247 378 4289 auctorem
395 4239 469 4288 huius
488 4238 556 4288 tituli
574 4238 725 4288 Doriensem
742 4253 794 4286 non
812 4235 898 4285 fuisse.
934 4235 989 4284 Iam
1007 4251 1066 4284 vero
1084 4237 1208 4302 seqnitur,
1227 4253 1269 4287 eas
1286 4238 1360 4287 huius
1379 4239 1479 4288 tabulae
1494 4239 1509 4303 J

246 4327 434 4393 inscriptiones,
457 4343 523 4392 quae
540 4327 663 4376 Doridem
681 4341 734 4374 non
752 4323 869 4390 sapiunt,
896 4324 1009 4374 eiusdem
1027 4325 1185 4388 grammatici
1207 4342 1261 4375 esse
1282 4341 1333 4374 non
1352 4342 1442 4391 posse,
1464 4328 1509 4376 sed
