3480 5030
754 381 964 440 ..23-

227 552 262 606 ut
285 545 449 619 omittam,
480 547 568 626 quod
595 547 743 609 omnibus
765 545 879 610 sabulis
902 567 1073 610 commune
1096 556 1160 622 est,
1190 547 1337 610 Uranum
1359 556 1485 629 patrem

228 669 299 711 esse
313 648 425 712 Rheae
448 658 481 712 et
496 648 634 728 Saturni,
658 653 712 733 qui
734 652 838 715 malus
860 662 892 715 et
914 650 1051 714 nefarius
1073 653 1122 733 (61
1142 655 1162 732 ξ
1182 669 1193 712 1
1216 682 1259 706 =
1273 668 1310 733 71
1330 655 1350 732 ξ
1368 669 1386 714 2
1402 655 1487 734 sqq.)

228 753 354 816 Rheam
384 774 527 818 sororem
558 757 589 817 in
620 758 857 819 matrimonium
886 757 973 819 ducit
1001 759 1040 837 (c.
1064 757 1101 818 61
1136 759 1156 836 ξ
1190 773 1201 816 1
1236 786 1279 809 =
1300 777 1328 824 c.
1351 773 1387 838 71
1415 761 1435 837 ξ
1460 759 1486 840 1)

228 866 261 920 et
282 859 394 920 Iovem
417 869 567 939 procreat
589 861 638 940 (61
666 863 687 939 ἓ
713 877 724 920 1
751 890 793 913 =
817 877 857 941 72
881 864 901 941 ξ
922 861 954 941 6)
984 861 1104 942 pietate
1127 869 1160 923 et
1184 862 1299 923 virtute
1320 862 1486 944 egregium

230 963 277 1044 (61
297 966 317 1042 ξ
335 980 365 1040 4,
392 975 406 1041 5
429 994 471 1017 =
488 980 527 1045 72
545 967 565 1044 ξ
581 965 625 1046 6),
649 963 781 1026 afferam
797 966 869 1039 hoc,
892 965 979 1046 quod
1001 965 1077 1026 mihi
1094 985 1162 1026 rem
1179 963 1336 1027 conficere
1352 966 1485 1031 videtur.

229 1065 413 1130 Secundum
452 1069 616 1130 Atlantios
656 1079 763 1131 narrat
798 1069 960 1132 Diodorus
996 1069 1051 1131 Ill.
1085 1070 1144 1144 61,
1190 1069 1302 1132 Iovem
1338 1071 1485 1152 primum,

228 1173 330 1235 Urani
361 1171 476 1248 filium,
512 1193 621 1254 regem
660 1171 775 1236 Cretae
804 1175 924 1237 insulae
965 1175 1077 1236 decem
1107 1173 1206 1249 filios,
1240 1194 1321 1254 quos
1354 1171 1487 1235 Curetes

229 1279 475 1353 nominavisset,
508 1278 655 1360 genuisse
678 1299 721 1340 ex
743 1279 879 1361 coniuge
901 1280 1014 1354 Idaea,
1041 1279 1130 1341 cuius
1153 1299 1272 1341 nomen
1294 1277 1414 1339 insulae
1437 1279 1488 1338 de-

230 1383 338 1446 disset.
383 1384 436 1446 Ex
459 1381 743 1462 Scytobrachionis
772 1393 879 1446 autem
902 1385 943 1446 de
973 1384 1101 1446 Baccho
1131 1384 1211 1447 libro
1241 1383 1411 1445 historicus
1432 1381 1487 1443 Ill.

188 1550 190 1554 .
232 1504 269 1569 71
297 1491 317 1568 ξ
340 1505 358 1549 2
382 1487 485 1562 refert,
515 1488 714 1550 Ammonem
736 1509 756 1550 a
777 1486 915 1551 Saturno
942 1509 959 1551 e
982 1488 1087 1569 Libya
1109 1487 1280 1569 expulsum
1303 1488 1334 1549 in
1359 1485 1487 1549 Cretam

231 1593 366 1658 insulam
397 1593 578 1674 profectum
608 1594 639 1654 in
670 1593 907 1656 matrimonium
930 1595 1060 1656 duxisse
1092 1593 1237 1667 Cretam,
1267 1592 1365 1654 filiam
1398 1591 1489 1652 unius

230 1720 248 1761 1
274 1697 400 1762 Curetis
423 1707 455 1761 et
477 1719 587 1779 regem
611 1696 730 1760 factum
752 1699 903 1772 insulam,
931 1698 980 1760 cui
1003 1707 1097 1760 antea
1116 1698 1212 1760 Idaea
1232 1716 1350 1761 nomen
1368 1695 1487 1769 luisset,

231 1803 390 1866 afemina
412 1801 542 1865 Cretam
572 1802 761 1884 appellasse.
807 1803 924 1878 Vides,
954 1803 1133 1865 consentire
1156 1803 1384 1875 Atlantiorum,
1409 1820 1488 1880 quas

230 1918 342 1983 vocat,
376 1906 499 1970 fabulas
529 1928 601 1969 cum
630 1908 767 1988 Dionysi
798 1911 838 1971 de
865 1909 995 1972 Baccho
1018 1909 1198 1970 narratione
1221 1917 1254 1970 et
1283 1907 1326 1968 ita
1348 1907 1486 1985 quidem,

232 2024 266 2077 ut
295 2013 394 2076 altera
416 2033 490 2075 cum
521 2012 620 2074 altera
648 2014 816 2076 coniuncta
837 2033 933 2076 unam
966 2011 1083 2076 efficiat
1111 2012 1277 2074 historiam
1304 2011 1386 2072 bene
1409 2011 1490 2071 inter

233 2139 268 2181 se
288 2125 519 2200 comparatam.
564 2118 677 2197 Itaque
704 2140 768 2181 non
791 2117 954 2200 urguenda
969 2103 970 2106 ¹
983 2128 1031 2180 est
1053 2118 1274 2198 discrepantia,
1298 2134 1380 2195 quae
1408 2115 1488 2175 inter

233 2244 260 2286 c.
278 2225 315 2286 61
343 2227 363 2304 ξ
385 2242 406 2300 4
428 2240 475 2301 sq.
492 2231 525 2284 et
546 2243 572 2284 c.
592 2239 632 2303 73
656 2226 676 2302 ξ
699 2238 717 2304 7
741 2244 788 2305 sq.
806 2224 1000 2285 intercedere
1015 2224 1148 2286 videtur.
1183 2221 1244 2283 Hic
1260 2220 1343 2282 enim
1362 2219 1486 2301 legitur,

233 2326 365 2388 Titanes
393 2325 565 2402 Ammoni,
597 2329 650 2410 qui
679 2330 711 2391 in
733 2328 829 2391 Creta
857 2328 1063 2404 habitaverit,
1093 2327 1214 2389 bellum
1244 2325 1400 2399 intulisse,
1430 2324 1487 2386 sed

233 2431 336 2493 victos
364 2451 434 2492 esse
457 2452 475 2494 a
502 2432 579 2495 Iove
602 2442 636 2496 et
665 2433 811 2508 Baccho,
843 2435 896 2515 qui
922 2433 1121 2496 Ammonem
1145 2431 1329 2494 adiuverint.
1375 2429 1488 2512 Capite

232 2537 270 2598 61
297 2545 405 2598 autem
421 2535 593 2600 Saturnum
616 2559 687 2601 cum
704 2537 870 2601 Titanibus
892 2537 992 2601 filium
1009 2557 1198 2620 aggressum
1215 2557 1234 2598 a
1248 2536 1326 2600 Iove
1343 2535 1488 2618 fugatum

234 2661 304 2704 esse
334 2651 493 2718 narratur,
522 2644 579 2705 sed
608 2661 711 2722 neque
734 2643 906 2706 Ammonis
935 2662 1040 2723 neque
1066 2644 1174 2704 Liberi
1202 2642 1267 2705 ulla
1296 2641 1333 2704 fit
1358 2641 1487 2702 mentio.

235 2745 301 2809 Sed
330 2748 409 2808 haec
439 2747 650 2828 discrepantia
679 2747 754 2808 mihi
785 2749 888 2830 magis
911 2747 1148 2828 neglegentiam
1171 2747 1333 2828 quandam
1353 2745 1489 2808 Diodori

235 2852 374 2914 breviter
397 2860 620 2932 argumentum
642 2852 805 2933 complexi
825 2853 963 2916 indicare
982 2851 1108 2914 videtur
1129 2873 1227 2934 quam
1250 2851 1372 2914 iontem
1391 2853 1489 2914 diver-

235 2979 323 3031 sum,
354 2957 548 3038 praesertim¹
571 2976 645 3018 cum
675 2977 693 3018 1
722 2957 826 3021 verbis
852 2979 880 3022 v.
904 2973 945 3038 72
974 2961 994 3037 ξ
1022 2958 1042 3019 6
1068 2959 1138 3018 »τὸν
1159 2954 1192 3018 δὲ
1219 2955 1340 3038 Κρόνον
1361 2956 1490 3018 ὕπουλον

238 3061 316 3142 ἔχειν
338 3063 393 3142 τὴν
414 3062 546 3122 eduntur«
572 3061 724 3142 suspicari
746 3061 854 3136 liceat,
885 3060 1057 3125 Saturnum
1083 3064 1159 3125 data
1181 3064 1349 3126 occasione
1370 3063 1490 3126 bellum

236 3169 527 3246 redintegraturum
549 3187 628 3228 esse.

325 3264 413 3350 Quas
437 3270 479 3333 ob
502 3290 615 3333 causas
637 3280 670 3334 et
685 3272 901 3334 Atlantiorum
918 3271 1041 3335 fabulas
1057 3282 1089 3334 et
1104 3272 1310 3336 Amazonum
1325 3274 1490 3335 historiam

235 3379 267 3440 in
298 3377 434 3457 Dionysi
464 3376 503 3438 de
534 3377 663 3440 Baccho
690 3377 771 3439 libro
801 3375 896 3440 luisse
929 3378 1121 3439 contendam
1150 3378 1240 3457 quasi
1282 3377 1490 3459 παρεκβάσεις,

236 3481 348 3543 leviter
378 3501 450 3543 cum
482 3482 614 3546 historia
648 3485 717 3564 ipsa
746 3483 943 3546 coniunctas,
994 3481 1106 3560 Atque
1135 3481 1376 3563 compositionis
1409 3484 1490 3545 ratio

236 3586 365 3648 iamiam
393 3598 536 3668 apparet.
582 3588 666 3651 Nam
689 3589 741 3662 iis,
773 3608 855 3669 quae
878 3587 1041 3650 Atlantios
1070 3595 1105 3650 ut
1127 3607 1201 3650 suas
1229 3586 1351 3650 sabulas
1374 3587 1490 3650 referre

236 3691 470 3774 Scytobrachio
493 3692 594 3768 finxit,
618 3694 750 3756 historia
772 3693 948 3775 suppletur,
972 3712 1070 3773 quam
1087 3691 1155 3756 fuse
1170 3693 1211 3755 de
1227 3693 1344 3755 Libero
1359 3693 1490 3775 eiusque

237 3798 424 3881 parentibus
446 3800 514 3880 ipse
537 3797 587 3860 vel
616 3797 818 3880 Thymoetas
841 3799 1023 3880 explicavit.
1068 3798 1274 3879 Quamquam
1297 3807 1405 3860 autem
1428 3796 1490 3861 lor-

236 3913 321 3966 tasse
338 3905 398 3966 iam
415 3905 540 3979 diutius,
557 3923 655 3983 quam
670 3902 877 3979 debebamus,
896 3906 935 3967 de
952 3906 1014 3967 hoc
1029 3905 1166 3986 Dionysi
1179 3904 1260 3966 libro
1275 3904 1489 3982 disseruimus,

235 4019 344 4071 tamen
368 4011 567 4084 adnotemus,
591 4010 622 4070 in
651 4009 735 4070 hunc
757 4009 871 4071 librum
893 4018 1039 4091 spectare
1059 4009 1203 4084 titulum,
1235 4028 1331 4089 quem
1354 4011 1491 4074 servavit

236 4114 350 4178 Suidas
373 4137 397 4178 s.
421 4137 450 4177 v.
471 4114 637 4178 »Διονύσου
660 4114 709 4174 καὶ
730 4111 866 4194 Ἀθηνᾶς
888 4113 1046 4195 orporea«.
1082 4115 1167 4177 Nam
1186 4123 1313 4196 praeter
1328 4116 1492 4179 Bacchum

237 4221 373 4284 multum
396 4220 492 4282 etiarn
516 4221 556 4282 de
570 4219 724 4295 Minerva,
749 4220 836 4283 velut
851 4220 987 4282 Diodori
1009 4219 1029 4285 l.
1045 4220 1099 4281 Ill.
1115 4242 1140 4283 c.
1158 4236 1207 4302 70,
1231 4221 1374 4296 traditur,
1394 4231 1492 4302 atque

235 4325 305 4389 fuse
328 4326 514 4388 describitur
537 4334 716 4388 monstrum
740 4325 839 4407 Αἰγίς,
864 4324 951 4404 quod
973 4322 1129 4387 interfecit
1152 4327 1183 4408 (ᾗ
1205 4344 1226 4402 4
1248 4328 1324 4408 sq.);
1349 4327 1491 4408 inprimis
