3480 5030
766 433 978 477 ..21-

331 585 480 665 Denique
502 604 541 647 ne
564 585 595 647 id
619 585 758 665 quidem,
782 586 870 665 quod
895 600 931 666 55
958 589 978 666 ξ
997 600 1011 665 5
1037 587 1077 649 de
1099 586 1246 669 Hippota
1268 588 1415 652 Creontis
1435 587 1501 650 filio

245 689 399 752 Medeam
421 697 591 752 accusante
606 689 770 752 Diodorus
793 690 899 766 refert,
923 691 964 753 ab
980 691 1102 773 Hygini
1121 691 1209 755 sonte
1229 692 1391 769 abhorret,
1414 695 1502 757 cuius

246 795 279 857 in
302 793 409 858 fabula
431 810 471 875 27
494 794 612 857 Medea
635 796 735 871 timet,
759 817 798 858 ne
821 796 874 859 ille
895 798 1000 878 ipsam
1023 799 1292 879 persequatur24).

334 898 476 962 Omnino
504 918 582 962 vero
612 901 737 974 nescio,
768 901 844 981 quid
875 902 1081 963 statuendum
1109 904 1150 964 sit
1179 903 1221 965 de
1243 903 1377 966 Diodori
1399 903 1505 966 verbis

249 1004 298 1068 his
328 989 378 1086 (5⁸5
410 1007 429 1083 ᾗ
463 1022 485 1081 4
513 1025 538 1067 s
567 1003 616 1085 f.):
654 1013 725 1066 »τοῦ
753 999 783 1066 ‹l’
817 1004 1004 1088 Εὐρυσθέως
1037 1004 1220 1085 ἐπικειμένου
1255 1014 1318 1080 τοῖς
1354 1006 1505 1090 προστάγ-

245 1132 355 1190 μασιν,
387 1112 572 1190 ἀπογνοῦσαν
601 1110 656 1189 τὴν
684 1110 762 1171 κατὰ
792 1111 826 1172 τὸ
849 1110 946 1192 παρὸν
968 1109 1000 1170 ἐκ
1022 1111 1130 1172 τούτου
1151 1113 1301 1192 βοήθειαν
1322 1119 1506 1194 καταφυγεῖν

251 1217 292 1288 εἷς
322 1207 456 1294 Ἀθήνας
485 1216 559 1298 πρὸς
587 1213 686 1297 Αἰγέα
712 1216 764 1276 τὸν
795 1215 993 1286 Horridum«
1047 1215 1121 1278 Non
1152 1217 1237 1280 enim
1268 1217 1343 1279 mihi
1373 1237 1506 1298 possum

247 1322 460 1403 persuadere,
506 1317 818 1400 Scytobrachionem
855 1320 900 1382 sic
943 1339 1103 1393 narrasse,
1145 1341 1219 1383 cum
1258 1342 1302 1384 ex
1336 1330 1406 1385 tota
1439 1323 1506 1384 eius

255 1424 503 1488 historiunculae
543 1425 666 1487 ratione
708 1431 741 1486 et
789 1423 922 1486 consilio
962 1423 1029 1485 iure
1072 1423 1148 1486 mihi
1191 1427 1343 1507 suspIcari
1386 1426 1504 1501 videar,

248 1540 308 1593 aut
329 1530 481 1592 Medeam
510 1529 551 1590 ab
581 1528 720 1591 Hercule
754 1528 908 1590 auxilium
941 1528 1129 1609 impetrasse
1163 1537 1218 1592 aut
1247 1550 1266 1591 a
1295 1531 1378 1593 iusto
1407 1531 1505 1594 heroe

250 1634 419 1697 mulierem
453 1633 626 1695 liberorum
660 1653 791 1694 suorum
824 1633 979 1712 sanguine
1013 1652 1158 1712 sparsam
1196 1635 1397 1715 repudiatam
1426 1657 1505 1710 esse,

250 1741 376 1821 quippe
399 1757 481 1818 quae
503 1737 619 1799 iustam
641 1737 771 1816 quidem
793 1737 834 1799 ab
856 1737 971 1799 Iasone
993 1736 1147 1799 ultionem
1169 1739 1304 1820 ceperit,
1335 1740 1394 1802 sed
1415 1741 1507 1802 nimis

217 1909 222 1918 ,
253 1843 384 1907 crudele
406 1841 509 1905 scelus
533 1842 738 1904 commiserit.
782 1839 838 1903 Sin
866 1851 975 1904 autem
997 1841 1075 1904 illud
1095 1842 1294 1906 enuntiatum
1320 1844 1362 1906 ad
1383 1843 1507 1924 Diony-

254 1950 337 2011 sium
362 1967 426 2009 non
447 1947 601 2028 pertinet,
632 1967 696 2008 non
718 1967 851 2027 possum
875 1967 940 2008 non
962 1948 1123 2020 conicere;
1153 1947 1195 2008 ab
1218 1947 1289 2028 ipso
1310 1948 1455 2010 Diodoro
1477 1949 1508 2011 id

252 2075 326 2117 esse
355 2052 482 2126 fictum,
521 2061 556 2115 ut
591 2052 631 2114 ad
663 2052 810 2133 vulgatas
844 2052 1159 2134 mythographorum
1188 2050 1312 2131 fabulas
1340 2055 1509 2116 transitum

252 2160 383 2234 faceret,
410 2159 491 2220 sicut
513 2178 540 2221 c.
565 2172 602 2238 55
628 2160 648 2237 ξ
672 2173 690 2219 2
713 2157 810 2220 initio,

341 2263 458 2327 Statim
480 2262 565 2324 aliud
590 2262 777 2343 exemplum
800 2262 940 2336 offertur,
965 2281 1030 2342 quo
1054 2261 1216 2339 docemur,
1239 2262 1420 2330 Diodorum
1435 2264 1510 2327 talia

253 2372 384 2452 saepius
414 2377 447 2431 et
475 2368 623 2430 consulto
647 2388 808 2448 peccasse.
853 2367 977 2428 Acasto
999 2367 1083 2429 enim
1105 2366 1253 2430 Iasonem
1276 2367 1354 2432 Iolci
1376 2390 1510 2450 regnum

253 2476 425 2541 'tradidisse
447 2493 473 2535 c.
501 2486 537 2551 53
563 2474 582 2552 ξ
610 2489 621 2533 1
648 2473 700 2554 (cs.
727 2494 754 2536 c.
780 2486 815 2552 55
849 2473 924 2552 §A
947 2481 1106 2547 narratur,
1137 2471 1242 2535 Peliae
1265 2473 1329 2536 filio
1358 2475 1510 2551 eiusdem,

255 2581 313 2664 qui
335 2600 410 2643 curn
430 2577 501 2640 filiis
523 2599 566 2640 ex
589 2587 701 2640 natura
724 2579 821 2641 orbus
844 2586 938 2650 esset,
961 2577 1103 2640 timuisse
1125 2578 1237 2641 dicitur
1259 2600 1286 2642 c.
1309 2597 1353 2657 40
1376 2583 1395 2659 ᾗ
1422 2596 1448 2659 3,
1472 2602 1511 2644 ne

257 2688 349 2750 Aeso
379 2685 475 2747 frater
503 2704 577 2747 curn
603 2683 718 2746 Iasone
745 2687 850 2765 ipsum
882 2702 982 2763 regno
1013 2681 1161 2763 privaret.
1206 2685 1272 2746 Res
1300 2683 1435 2748 difficilis
1464 2695 1512 2749 est

255 2773 445 2865 diiudicatu,
469 2810 542 2853 cum
565 2789 670 2851 nullus
692 2790 787 2851 trium
810 2789 957 2852 locorum
980 2807 1037 2868 per
1059 2807 1093 2850 se
1116 2789 1330 2859 offensionem
1349 2792 1511 2870 praebeat.

242 2899 308 2980 ‚At
336 2897 460 2962 etiamsi
481 2896 594 2959 Acasti
625 2896 822 2957 mentionem
844 2915 863 2957 a
885 2892 1160 2974 Scytobrachione
1190 2913 1254 2958 non
1283 2894 1510 2970 abiudicamus,

256 3014 370 3068 tamen
392 3011 542 3082 suspecta
565 3009 629 3064 est:
654 3020 728 3062 nam
750 3000 908 3075 videmus,
933 2997 1064 3060 omnino
1087 2997 1162 3060 nihil
1185 3017 1259 3060 eum
1282 2999 1419 3075 efficere,
1440 3020 1513 3062 cum

265 3124 302 3189 53
324 3111 344 3188 ξ
363 3125 374 3168 1
399 3125 533 3186 regnum
556 3106 692 3186 accipiat
712 3113 744 3166 et
763 3117 799 3184 55
819 3107 839 3183 ξ
856 3119 874 3165 2
892 3105 1054 3166 moriatur.
1091 3104 1118 3164 F
1121 3124 1158 3166 ac
1181 3112 1298 3178 autem,
1321 3104 1515 3186 Dionysium

261 3233 375 3277 revera
390 3211 509 3274 Peliam
532 3209 605 3273 filiis
627 3210 741 3273 orbum
761 3207 892 3271 finxisse
909 3209 961 3292 (40
978 3212 997 3288 ξ
1016 3209 1061 3289 3l:
1085 3208 1193 3270 omnia
1207 3208 1289 3270 bene
1305 3209 1514 3290 explicantur.

263 3319 335 3381 Hac
357 3318 441 3381 eninr
464 3317 505 3378 de
527 3337 624 3379 causa
645 3315 747 3377 Pelias
769 3314 918 3376 Iasonem
941 3315 972 3375 ln
995 3312 1137 3377 Colchos
1160 3313 1257 3377 mittit
1280 3313 1333 3395 (40
1355 3316 1432 3393 Μ),
1457 3315 1517 3379 hac

258 3425 303 3487 de
334 3443 430 3485 causa
459 3422 582 3485 Iasonis
611 3430 761 3504 parentes
791 3429 823 3482 et
853 3418 983 3481 fratrem
1014 3419 1163 3482 interImit
1187 3418 1240 3501 (50
1269 3421 1289 3498 ξ
1316 3419 1359 3500 1),
1390 3419 1451 3481 hac
1476 3423 1517 3484 de

260 3552 360 3595 causa
383 3540 417 3592 ut
439 3529 497 3591 sibi
520 3529 665 3591 iuventus
682 3527 832 3589 reddatur
847 3534 939 3606 optat
955 3527 1004 3605 (51
1024 3526 1044 3603 ξ
1058 3542 1081 3602 4
1095 3526 1166 3605 sq.).
1200 3523 1305 3586 Immo
1319 3527 1518 3604 poscendum

264 3649 330 3714 est,
368 3659 387 3700 a
416 3634 575 3714 Dionysio
604 3633 763 3695 Acastum
799 3651 864 3693 non
897 3650 967 3692 esse
997 3637 1296 3692 commemoratum.
1342 3626 1518 3708 Quomodo

261 3745 350 3807 enim
379 3762 506 3804 narrare
537 3739 657 3821 potuit,
692 3737 840 3799 Iasonem
868 3736 950 3797 bene
980 3732 1175 3797 consuluisse
1198 3733 1303 3796 Peliae
1332 3731 1456 3797 filiabus
1487 3745 1519 3797 et

265 3870 320 3912 eas
357 3850 388 3910 in
425 3844 663 3909 matrimonium
699 3842 901 3904 nobilissimis
935 3838 1086 3902 heroibus
1127 3839 1278 3913 edidisse,
1316 3840 1341 3902 si
1375 3840 1516 3915 dixisset,

265 3955 424 4016 Acastum
470 3971 535 4013 non
576 3950 674 4012 modo
719 3968 828 4011 earum
873 3945 1003 4008 fratrem
1040 3963 1110 4006 esse
1148 3943 1206 4005 sed
1245 3943 1342 4005 etiam
1380 3945 1517 4026 patrium

265 4064 415 4140 regnum*
425 4054 606 4136 accepisse?
650 4054 817 4115 Praeterea
838 4050 953 4114 Acasti
980 4049 1101 4112 mentio
1128 4067 1258 4129 prorsus
1281 4068 1519 4130 supervacanea

354 4299 390 4368 84)
415 4301 548 4350 Eduardus
568 4300 693 4350 Schwartz
711 4300 744 4348 de
762 4298 886 4362 Dionysio
903 4297 943 4346 Sc.
962 4312 987 4360 p.
1003 4307 1018 4355 9
1037 4293 1071 4342 ad
1084 4291 1217 4342 Carcinurn
1234 4292 1343 4342 Diodori
1361 4294 1392 4343 de
1405 4295 1520 4360 Hippota

266 4393 353 4441 locum
371 4391 492 4455 respicere
511 4396 590 4453 putat.
