3438 5028
756 380 969 459 ..56-

237 553 345 604 Diodor.
368 552 414 602 IV.
439 550 480 613 69.
510 561 533 614 5.
590 551 670 601 schol.
687 550 736 601 268
754 551 818 600 AD.
925 553 995 616 Hyg.
1013 551 1066 602 fab.
1082 551 1126 602 62.
1197 553 1497 618 schol.Ap.Rh.III.62.

289 638 366 696 τέλος
387 635 417 687 δὲ
440 639 534 704 puto·
606 629 676 694 μετὰ
687 631 853 689 δὲθανάτου
913 640 947 686 nt
958 637 1096 686 Mercurius
1107 637 1175 688 Iovis
1230 640 1277 689 aot
1287 636 1403 710 ὕστερον
1413 635 1497 705 ποιή-

236 725 352 790 λογοῦοι
369 720 420 775 τὸν
433 719 534 780 Ἰξίονα
556 717 636 786 ἔλαβε
668 721 749 780 δίκας
780 715 851 789 παρ’
878 721 947 771 iussu
958 721 1074 772 Ixionem
1092 723 1125 772 ad
1137 723 1174 772 in·
1197 735 1249 779 σας
1301 717 1497 796 τετράκνημον

237 807 284 860 διὰ
302 803 334 859 τὸ
345 810 467 878 μέγεθος
477 805 533 858 τῶν
556 799 853 874 αὐτοῦόΖεὺς,ποιή-
879 807 944 856 feros
975 806 1002 855 in
1031 815 1086 857 rota
1114 824 1174 858 con·
1197 805 1299 878 τροχὸν
1315 812 1363 862 καὶ
1375 809 1495 880 δεσμεύ-

237 889 437 964 ἡμαρτημένων
477 885 532 943 ὑπὸ
555 903 606 950 σας
630 887 716 943 αὐτὸν
742 889 773 943 ἐν
795 895 854 951 τοῖς
878 891 990 952 strinxit,
1034 907 1100 957 quae
1139 894 1175 943 ibi
1197 905 1247 954 σας
1285 889 1371 949 αὐτὸν
1406 915 1496 967 τιμω-

236 975 308 1038 Arde
350 981 391 1037 εἰς
430 973 534 1044 τροχὸν
556 979 753 1042 καταχθονίοις
773 985 849 1049 στρε-
876 976 960 1027 adhuc
986 976 1078 1027 dicitur
1103 977 1174 1029 verti.
1193 983 1294 1048 (νεῖται.

270 1062 433 1126 ἐνδεθῆναι,
452 1063 500 1113 καὶ
555 1057 851 1130 φεοθαιμετὰπολλῆς

237 1144 437 1212 τελευτήσαντα
483 1140 535 1210 τὴν
554 1151 617 1214 βίας
657 1143 706 1199 ἐπὶ
745 1151 849 1218 τροχοῦ

270 1237 409 1305 τιμωρίαν
427 1232 500 1300 ἔχειν
555 1231 679 1303 σιδηροῦ.

324 1312 447 1371 αἰώνιον.

321 1420 392 1482 Hos
415 1439 528 1482 omnes
551 1439 590 1481 ex
612 1438 676 1481 uno
698 1419 880 1500 eodemque
902 1416 991 1480 fonte
1020 1417 1165 1480 hausisse
1195 1417 1266 1481 luce
1296 1428 1346 1482 est
1368 1419 1494 1496 clarius,

237 1545 435 1608 quamquam
453 1524 588 1586 fortasse
603 1523 728 1587 Pindari
743 1523 1064 1603 scholiastamletiam
1079 1521 1183 1586 aliena
1196 1523 1403 1588 admiscuisse
1417 1545 1494 1588 con-

239 1631 419 1694 cedendum
436 1638 493 1692 est.
540 1627 639 1708 Quod
655 1637 763 1692 autern
779 1629 942 1692 Diodorus
956 1628 1105 1692 Ixionem
1128 1647 1171 1690 ex
1193 1629 1278 1692 nube
1301 1649 1365 1692 non
1391 1651 1493 1694 unum

236 1735 337 1799 filium
361 1734 572 1808 Centaurum,
602 1734 660 1796 sed
683 1733 861 1797 Centauros
883 1735 1033 1815 genuisse
1056 1742 1179 1809 narrat,
1210 1735 1278 1797 sine
1307 1733 1372 1798 ulla
1403 1735 1494 1799 dubi-

234 1817 356 1904 tatione
373 1842 508 1903 Diodori
531 1840 753 1921 neglegentiae
768 1840 924 1915 adscribo,
949 1840 1096 1921 quamvis
1111 1839 1262 1920 Hyginus
1284 1841 1369 1903 idem
1385 1840 1492 1916 refert,

236 1967 333 2026 quern
357 1955 464 2009 statuo
488 1947 605 2008 eodem
628 1947 728 2008 modo
749 1965 911 2026 peccasse.
942 1981 984 1992 -
1012 1945 1127 2027 Neque
1154 1945 1186 2007 in
1214 1944 1277 2008 fine
1299 1944 1392 2008 huius
1415 1946 1492 2008 Dio·

235 2053 306 2114 dori
328 2053 428 2134 partis
451 2053 566 2113 desunt
588 2050 739 2132 vestigia,
763 2071 781 2113 e
804 2051 919 2132 quibus
945 2050 1139 2132 conligatur,
1163 2070 1236 2113 eam
1258 2071 1333 2113 cum
1353 2049 1492 2133 Apollo-

235 2158 306 2220 dori
330 2167 363 2220 et
385 2157 508 2238 Hygini
531 2155 674 2220 fontibus
697 2155 879 2218 cohaerere.
924 2154 1080 2218 Conferas
1101 2157 1186 2219 enirn
1209 2156 1322 2238 capitis
1338 2172 1380 2238 70
1401 2177 1493 2238 para-

235 2261 379 2343 graphos
402 2263 529 2324 tertiam
559 2271 592 2324 et
620 2270 769 2342 quartam
798 2281 871 2325 curn
894 2260 1016 2341 Hygini
1047 2259 1175 2325 fabulae
1199 2278 1236 2341 33
1260 2260 1333 2336 fine,
1368 2262 1493 2326 Zenobi

235 2389 261 2430 c.
287 2368 328 2429 V.
356 2367 490 2448 33b⁶⁶),
520 2377 553 2430 et
582 2367 737 2448 imprimis
767 2367 889 2429 scholio
912 2366 955 2434 A.
980 2367 1039 2448 263
1063 2367 1145 2429 AD.
1197 2364 1377 2430 Scholiasta
1407 2367 1495 2430 enirn

235 2474 318 2535 sicut
338 2473 502 2536 Diodorus
525 2493 590 2535 non
613 2474 711 2535 modo
726 2471 856 2534 Pirithoi
879 2472 988 2535 uxoris
1011 2492 1130 2535 nomen
1145 2471 1230 2534 idern
1253 2471 1365 2536 refert:
1389 2469 1493 2534 ‘Inno-

236 2572 347 2658 δάμεια
369 2579 389 2658 ἡ
410 2579 530 2640 Βούτου
554 2578 608 2660 (D,
632 2575 822 2655 Ἱπποβότεια
836 2577 893 2659 A),
917 2579 974 2640 sed
997 2578 1095 2640 etiam
1110 2576 1290 2642 Centauros
1307 2579 1338 2640 in
1352 2578 1495 2642 Maleam

234 2682 417 2765 confugisse
440 2669 556 2746 narrat.

320 2788 435 2851 Melius
457 2789 488 2850 in
505 2789 667 2851 Salmonei
689 2787 815 2868 generis
829 2786 961 2850 historia
975 2788 1120 2868 procedit
1137 2789 1292 2869 quaestio,
1316 2807 1390 2849 cum
1413 2793 1493 2851 haec

236 2894 334 2956 etiam
358 2894 388 2955 in
411 2893 606 2957 bibliotheca
633 2902 760 2956 servata
781 2893 832 2956 sit.
875 2893 961 2955 Nam
990 2892 1064 2954 inde
1094 2892 1136 2955 ab
1169 2893 1295 2969 Aeolo,
1327 2891 1493 2956 Salmonei

236 3008 344 3080 patre,
375 2998 581 3062 Deucalionis
603 3006 739 3078 nepote,
770 3017 872 3078 usque
895 2997 936 3060 ad
957 2996 1049 3060 Nelei
1072 2996 1191 3060 liberos
1214 3007 1248 3061 et
1269 2997 1493 3080 Amythaonis

236 3104 336 3179 filios,
366 3105 512 3167 Biantem
541 3112 573 3165 et
595 3102 856 3184 Melampodem,
891 3102 976 3164 idern
1005 3110 1144 3166 stemma
1173 3103 1214 3166 ab
1244 3113 1380 3184 utroque
1410 3105 1492 3167 inlu·

236 3219 361 3285 stratur,
390 3228 493 3287 neque
516 3207 617 3270 ullum
638 3208 795 3271 invenitur
817 3207 1003 3281 discrimen,
1035 3208 1093 3271 nisi
1116 3209 1205 3291 quod
1226 3210 1339 3291 capitis
1361 3209 1402 3272 68
1426 3211 1446 3289 ξ
1473 3227 1490 3288 3

236 3315 354 3396 Aglaia
380 3312 601 3393 Amythaonis
624 3334 708 3376 uxor
729 3312 923 3396 adpellatur,
958 3313 1000 3375 ab
1024 3314 1232 3396 Apollodoro
1255 3323 1363 3377 autern
1392 3315 1488 3378 Eido-

236 3439 327 3481 mena
337 3419 387 3498 ⁶⁷).
421 3417 638 3499 Melampodis
660 3427 768 3481 autem
790 3439 905 3500 genuS,
929 3419 1017 3498 quod
1039 3427 1206 3482 enumerat
1225 3418 1388 3482 Diodorus
1404 3440 1430 3482 c,
1447 3421 1491 3482 66

235 3527 255 3602 ξ
279 3536 307 3602 5,
330 3524 361 3585 in
383 3522 579 3586 bibliotheca
601 3543 666 3586 non
688 3507 858 3597 invenitur,
887 3533 1030 3587 attamen
1052 3523 1243 3606 Amphiarai
1264 3534 1357 3606 pater
1380 3525 1489 3589 Oicles

318 3818 355 3887 ⁶⁶)
375 3821 516 3870 Zenobium
529 3822 561 3870 V.
580 3819 632 3884 33b
651 3837 681 3870 ex
695 3820 846 3885 Apollodori
864 3821 1019 3870 bibliotheca
1036 3821 1149 3871 hausisse
1169 3822 1309 3886 suspicatus
1327 3829 1364 3872 est
1381 3821 1489 3872 Carolus

232 3911 342 3968 Robert;
360 3909 387 3958 in
404 3908 574 3959 bibliothecae
594 3909 704 3974 epitoma
722 3910 845 3958 Vaticana
864 3909 1030 3974 Lapitharum
1048 3917 1073 3960 et
1091 3910 1275 3960 Centaurorum
1292 3911 1417 3976 proelium
1436 3926 1489 3961 non

233 3999 340 4048 inveniri
359 4005 463 4048 testatur
481 3997 604 4046 Rieardus
621 3997 748 4062 Wagner:
772 3997 855 4048 Rhen.
874 3997 940 4048 Mus.
961 3997 1031 4048 XLI.
1050 4014 1075 4062 p.
1096 4007 1152 4062 145.

318 4084 355 4154 Μ)
374 4088 449 4136 Plura
467 4086 599 4136 traduntur
612 4086 781 4150 Melampodis
798 4087 884 4135 matris
897 4086 1012 4136 nomina:
1029 4086 1130 4136 tertium
1143 4086 1292 4135 adnotatum
1304 4093 1342 4136 est
1355 4103 1371 4136 a
1382 4086 1489 4137 Theone

233 4193 247 4227 e
265 4175 409 4226 Dieuchida
427 4175 569 4239 Megarensi
587 4181 612 4223 et
630 4174 663 4223 ad
680 4173 765 4239 Apoll.
779 4175 830 4225 Rh.
850 4175 871 4224 I.
892 4188 954 4234 121,
982 4175 1025 4224 ubi
1042 4176 1183 4245 Δωρίππη
1201 4174 1258 4227 cod.
1276 4174 1393 4237 exhibet,
1412 4177 1489 4225 etad

233 4264 361 4316 Theocrit.
382 4265 429 4314 III.
450 4276 500 4327 43,
527 4263 570 4311 ubi
590 4255 710 4327 Ῥοδόπη
736 4262 836 4326 legitur.
872 4263 912 4314 Cf.
938 4263 1025 4314 Udalr.
1052 4263 1085 4312 de
1108 4263 1290 4313 Wilamowita:
1319 4264 1413 4328 Isyllos
1437 4280 1488 4313 von

233 4355 376 4420 Epidauros
394 4370 420 4418 p.
441 4362 498 4413 177,
520 4367 544 4401 n.
560 4361 601 4415 33.
638 4350 762 4413 Quartum
780 4359 818 4401 est
834 4344 1011 4423 Ἀλφεσίβοια
1028 4353 1054 4400 in
1072 4351 1153 4403 schol.
1170 4350 1298 4403 Theocrit.
1316 4352 1364 4403 111.
1382 4363 1425 4415 43,
1445 4362 1488 4417 45.
