3438 5028
726 418 940 483 „71-

203 574 246 654 (p.
269 570 354 651 691.
383 589 421 652 19
443 571 546 653 sqq.):
584 565 765 649 »ἑσσάμενος
786 569 805 629 δ
813 566 822 590 ²
846 569 877 631 ἒν
902 572 1033 655 Τίρυνθι
1056 571 1177 650 τέμενος
1199 568 1363 648 Ἐνυαλίου,
1385 573 1465 651 μετὰ

204 681 385 757 Τελαμῶνος
417 698 450 738 τε
482 675 533 737 καὶ
565 674 695 756 Πηλέως
725 676 776 736 καὶ
814 675 947 749 Οίκλέως
979 677 1026 738 ἐπὶ
1062 677 1175 759 Τροίαν
1206 675 1465 759 στρατευσάμενος

201 777 277 843 εἶλεν
297 782 354 843 τὰν
376 780 472 857 πόλιν,
493 780 702 860 Λαομεδόντα
732 781 782 842 καί
808 784 879 853 τοὺς
900 779 984 855 υἱοὺς
1005 781 1182 853 ἀποκτείνας
1203 780 1281 842 πλδιν
1302 776 1463 864 Πριάμου·

203 885 352 967 Τελαμών
372 908 405 948 τε
426 883 570 948 Ἡσιόναν
591 882 700 966 ἐλαβεν
720 887 777 948 τὰν
798 882 944 969 Πριάμου
964 882 1112 970 ἀδελφάν,
1135 887 1165 960 ἐξ
1187 879 1222 959 ἇς
1245 890 1378 969 Τεῦκρον
1399 885 1464 948 υἱὸν

200 990 308 1054 hiero«
328 1037 335 1051 .
355 1039 387 1053 ..
433 990 500 1054 Sed
529 1012 635 1073 neque
662 993 694 1053 in
724 992 834 1055 tabula
855 992 1051 1056 Farnesiana
1075 994 1115 1075 (v.
1145 1013 1177 1074 p.
1200 992 1256 1072 69·
1272 992 1292 1054 l.
1321 1009 1359 1070 14
1381 995 1464 1074 sqq.)

200 1119 305 1179 neque
328 1099 359 1159 in
379 1097 576 1160 bibliotheca
599 1096 724 1177 legitur,
749 1097 923 1159 Herculem
937 1089 1203 1178 Argonautarum
1219 1098 1343 1160 socium
1358 1099 1463 1179 primo

200 1203 333 1266 Troiam
356 1203 497 1276 venisse,
521 1210 668 1264 monstro
690 1203 814 1264 marino
837 1205 1033 1286 interempto
1056 1205 1234 1266 Hesionam
1256 1205 1339 1284 patri
1364 1204 1461 1266 reddi-

200 1310 299 1383 disse,
335 1316 448 1389 postea
478 1307 577 1369 Troia
609 1315 705 1388 capta
739 1307 866 1370 Priamo
898 1329 1034 1390 regnum
1067 1306 1253 1382 tradidisse,
1289 1309 1345 1390 qui
1374 1309 1463 1372 solus

201 1414 394 1486 monuisset,
429 1421 464 1474 ut
501 1411 671 1474 Laomedo
706 1421 799 1492 pater
835 1414 996 1494 promissa
1034 1420 1222 1494 praestaret.
1268 1411 1354 1492 Quid
1385 1434 1462 1475 vero

202 1521 290 1600 quod
303 1519 467 1581 Diodorus
489 1515 570 1579 infra
590 1517 704 1578 eadem
721 1518 800 1580 haec
816 1519 846 1579 in
862 1517 1149 1598 Scytobrachionis
1164 1517 1461 1598 Argonauticorum

202 1626 345 1706 epitoma
366 1621 492 1685 narrat?
530 1621 580 1684 Ne
595 1641 673 1684 vero
689 1622 754 1684 ulla
776 1632 876 1685 restet
897 1624 1064 1698 dubitatio,
1088 1625 1156 1704 ipse
1172 1624 1263 1686 locos
1277 1643 1456 1704 compares.

236 1746 343 1795 Diodor.
366 1745 413 1793 IV.
438 1756 480 1805 49.
505 1741 531 1790 6:
632 1735 682 1792 τόν
706 1758 735 1793 τε
759 1737 813 1812 γάρ
900 1745 1007 1794 Diodor.
1025 1746 1072 1795 IV.
1090 1758 1132 1809 32.
1149 1760 1181 1805 4:
1204 1737 1341 1810 Ἡρακλῆς
1358 1741 1390 1792 δὲ
1407 1742 1459 1809 τὴν

200 1826 701 1905 Λαομεδόντα(Ἡρακλέα)φονεόσαι,
713 1830 814 1894 καὶτῆς
848 1828 931 1884 πόλιν
956 1827 1026 1884 ἐλὼν
1050 1827 1120 1884 κατά
1141 1826 1240 1903 κράτος
1265 1833 1312 1883 καὶ
1338 1831 1460 1890 πολλοὺς

200 1918 306 1982 πόλεως
324 1921 353 1981 ἐξ
374 1917 482 1990 ἐφόδου
500 1917 674 1992 κρατήσαντα
693 1916 812 1970 κολάσαι
847 1921 877 1973 ἐν
899 1923 1003 1993 χειρῶν
1030 1919 1109 1993 νόμῳ
1135 1917 1317 1991 κατασφάξας
1338 1915 1459 1993 Πριάμῳ

200 2012 253 2084 μὲν
276 2010 343 2069 τοὺς
366 2003 560 2080 μετασχόντας
581 2009 620 2073 τῷ
639 2010 748 2072 βασιλεῖ
766 2009 814 2071 τῆς
848 2005 898 2074 τὴν
924 2013 1068 2076 βασιλείαν
1097 2006 1224 2063 ἀπέδωκε
1253 2008 1309 2063 τών
1332 2004 1459 2061 Ἰλιαδῶν

201 2099 361 2167 ἐπιβουλῆς,
399 2091 520 2165 Πριάμῳ
550 2094 581 2148 δέ
610 2093 658 2147 διὰ
691 2093 740 2159 τὴν
771 2094 814 2145 δι·
849 2094 895 2148 διὰ
913 2097 963 2163 τὴν
981 2095 1171 2163 δικαιοσύνην.

200 2186 351 2254 καιοσόνην
366 2183 547 2253 παραδοῦναι
560 2180 609 2250 τὴν
620 2187 796 2249 βασιλείαν..
808 2221 814 2235 .

250 2293 298 2342 IV.
313 2304 355 2353 49.
367 2301 396 2350 3:
419 2288 466 2339 καλ
478 2287 543 2345 τοὺς
553 2286 606 2356 μέν
620 2282 720 2344 ἄλλους
733 2287 811 2345 υἱοὺς
896 2291 941 2340 IV.
961 2304 1001 2355 32.
1022 2301 1051 2355 5:
1075 2281 1156 2347 οὗτος
1167 2286 1223 2360 γὰρ
1233 2284 1306 2354 (set
1322 2294 1453 2360 Πρίαμος

200 2377 274 2449 ἔχειν
291 2377 325 2449 τῇ
344 2370 440 2441 πράξει
458 2372 615 2445 συνεργούς,
634 2379 766 2448 Πρίαμον
778 2376 810 2429 δέ
843 2373 929 2448 μόνος
963 2380 1020 2430 ταῖν
1056 2377 1124 2431 υἱῶν
1162 2378 1214 2429 τοῦ
1250 2379 1456 2444 Λαομέδοντος

198 2460 289 2540 μόνον
315 2465 605 2536 ἐναντιοπραγοῦντα·
638 2463 738 2518 τοῦτον
755 2462 809 2536 γάρ
844 2463 1057 2536 ἐναντιούμενος
1086 2469 1124 2534 τῷ
1157 2467 1243 2538 πατρὶ
1272 2464 1320 2523 τὰς
1350 2469 1454 2528 ἵππους

200 2550 405 2627 ἀποφήνασθαι
426 2553 486 2606 δεῖν
503 2548 537 2606 roi
557 2552 627 2622 πρὸς
639 2552 704 2612 τοὺς
716 2554 810 2615 ξένους
844 2551 1004 2608 ἀποδοῦναι
1026 2552 1242 2621 συνεβούλευσεν
1264 2555 1304 2621 τῷ
1325 2552 1455 2625 Ἡρακλεῖ

200 2647 294 2700 δίκαια
312 2647 413 2715 τηρεῖν,
434 2645 482 2693 καλ
501 2635 551 2707 τήν
571 2659 600 2694 τε
617 2641 745 2712 αδελφὴν
762 2645 809 2693 καλ
843 2641 912 2696 κατὰ
931 2641 981 2701 τὰς
999 2643 1174 2711 ἐπαγγελίας.

199 2732 248 2792 τὰς
265 2729 483 2805 ὡμολογημένας
503 2733 609 2788 ἵππους
629 2726 808 2783 ἀποδιδόναι.

285 2854 400 2934 Itaque
431 2850 519 2930 quod
549 2851 580 2910 in
603 2849 831 2930 Argonauticis
859 2851 1119 2924 observavimuS,
1150 2850 1264 2910 iterum
1287 2852 1460 2932 probatur:

201 2960 365 3022 Diodorus
395 2978 412 3019 e
442 2956 537 3017 variis
573 2953 714 3017 fontibus
751 2973 869 3015 novam
899 2955 1065 3018 historiam
1097 2957 1293 3018 contaminat
1329 2978 1461 3038 prorsus

203 3066 318 3127 eodem
335 3064 445 3137 modo,
470 3082 535 3143 quo
552 3059 742 3123 scholiastas
764 3055 896 3142 ἱστορίας
919 3055 1091 3122 fabricasse
1114 3061 1460 3142 praeclareEduardus

100 3196 105 3207 ·
204 3169 367 3232 Schwartz
389 3169 420 3229 in
443 3167 571 3230 scholiis
587 3165 768 3228 Homericis
790 3166 1031 3226 demonstravit.
1077 3167 1184 3228 Etiam
1201 3167 1335 3228 Homeri
1351 3190 1462 3232 versus

205 3276 255 3354 (E.
278 3275 461 3354 638-642)
492 3280 679 3353 repetuntur
708 3290 728 3332 a
756 3270 903 3332 Diodoro
934 3271 965 3332 in
993 3271 1222 3352 Argonauticis
1253 3294 1279 3335 c.
1309 3291 1352 3353 49
1381 3277 1401 3354 ξ
1430 3291 1459 3356 7.

204 3379 321 3443 Utrum
350 3391 458 3441 autem
489 3379 520 3440 in
551 3375 823 3459 mythographico
853 3375 988 3437 Diodori
1017 3375 1122 3451 sonte,
1154 3396 1251 3456 quem
1283 3376 1461 3441 fabularum

204 3487 431 3567 discrepantias
455 3483 639 3546 exhibuisse
662 3483 726 3544 iam
748 3482 876 3562 saepius
899 3481 1124 3557 intelleximus,
1148 3483 1339 3545 adnotatum
1358 3482 1459 3558 fuerit,

203 3591 379 3654 secundum
401 3591 582 3652 Homerum
604 3587 779 3650 Herculem
809 3607 868 3648 sex
891 3589 991 3649 modo
1013 3589 1148 3651 navibus
1171 3589 1301 3651 Troiam
1325 3590 1459 3663 venisse,

204 3716 243 3758 an
265 3697 334 3778 ipse
357 3695 527 3758 historicus
549 3694 687 3772 Homeri
711 3693 907 3754 mentionem
937 3693 1094 3755 addiderit
1121 3694 1202 3755 sicut
1223 3693 1277 3756 III.
1302 3694 1354 3760 66.
1379 3711 1395 3773 3
1418 3723 1460 3745 =

203 3801 226 3862 I.
254 3816 301 3881 15.
326 3817 345 3881 7
367 3831 410 3854 =
432 3801 490 3866 IV.
515 3818 543 3863 2.
565 3818 602 3877 4,
625 3799 798 3862 diiudicare
821 3817 956 3879 nequeo.

205 3991 413 3999 ——-—

205 4109 364 4159 statuendum
382 4116 433 4168 est,
457 4109 490 4156 ab
506 4106 556 4157 alio
573 4113 661 4171 postea
679 4122 734 4156 esse
751 4106 850 4156 additas
869 4105 923 4170 (ain
940 4106 1008 4155 einer
1028 4112 1144 4170 spateren
1163 4107 1308 4172 Aurlage«,
1334 4107 1365 4157 cf.
1382 4108 1460 4173 Jahn·

206 4199 339 4249 Michaelis
359 4199 378 4249 l.
402 4198 420 4248 l.
444 4207 497 4248 not.
521 4210 573 4259 430
597 4213 622 4261 p.
642 4195 692 4260 84).
728 4197 769 4244 De
792 4195 951 4260 undeviginti
974 4195 1123 4245 hexametris
1147 4196 1306 4246 restituendis
1331 4214 1353 4246 v.
1372 4196 1459 4246 Udalr.

207 4287 236 4336 de
247 4287 415 4338 Wilamowitz
434 4286 460 4334 iu
473 4285 576 4334 Kaibeli
589 4285 798 4349 epigrammatum
814 4285 964 4334 collectione
982 4286 1029 4334 sub
1041 4301 1144 4335 numero
1160 4285 1232 4334 1082.
1269 4286 1361 4333 Versus
1377 4296 1458 4346 1-13

206 4377 278 4426 etiam
295 4376 322 4425 in
340 4375 427 4426 codice
447 4374 618 4424 Laurentiano
638 4383 696 4424 ante
715 4374 848 4439 Sophoclis
867 4366 1015 4425 Trachinius
1032 4375 1158 4439 leguntur.
