3438 5028
750 406 959 480 -84-

219 574 261 636 ab
286 574 493 656 Apollodoro
517 594 650 654 prorsus
672 574 788 635 eodem
812 574 911 634 modo
935 572 1068 646 narrari;
1098 573 1166 651 ipse
1190 570 1355 645 intellexit,
1379 581 1483 634 totam

222 679 298 740 belli
315 679 462 741 Thebani
478 679 692 741 narrationem
709 699 752 739 ex
767 698 831 738 uno
848 677 1030 758 eodemque
1045 677 1200 756 scriptore
1218 697 1237 737 a
1251 675 1398 740 Diodoro
1414 699 1484 742 esse

220 785 427 866 desumptam
450 787 493 865 (p.
510 800 572 862 453
590 785 647 864 n.);
672 784 740 864 ipse
757 781 920 863 professus
937 791 985 842 est
1001 790 1033 842 et
1049 803 1068 843 a
1082 781 1228 843 Diodoro
1245 791 1277 842 et
1291 783 1332 844 ab
1347 782 1482 865 Apollo·

224 889 306 951 doro
322 898 354 951 et
372 888 414 951 ab
430 888 564 970 Hygino
582 887 760 968 Oedipodis
777 887 918 950 fabulam
936 887 1111 948 secundum
1126 886 1312 966 Euripidem
1328 889 1484 969 imprimis

220 992 328 1056 referri
351 1001 449 1074 atque
472 993 587 1054 eadem
610 994 773 1063 adnotari;
797 993 880 1053 adde
904 1013 963 1053 nos
986 992 1103 1054 multas
1125 992 1249 1056 sabulas
1264 1013 1483 1075 generumque

218 1108 391 1161 stemmata
414 1099 501 1180 apud
518 1097 699 1159 Diodorum
723 1107 755 1159 et
778 1097 808 1157 in
831 1096 1026 1158 bibliotheca
1048 1099 1160 1160 eadem
1182 1097 1354 1178 reperisse:
1378 1119 1484 1161 nonne

220 1203 396 1265 admodum
419 1201 647 1285 probabilitate
670 1211 758 1262 caret
780 1203 947 1276 sententia,
972 1223 1054 1281 quae
1077 1204 1179 1283 cogit,
1211 1212 1246 1264 ut
1279 1189 1483 1282 accipiamus

221 1307 326 1370 solum
350 1309 390 1369 ad
420 1306 600 1388 Oedipodis
622 1315 744 1368 sortem
777 1306 1002 1386 explicandam
1026 1307 1206 1369 Diodorum
1237 1307 1332 1368 alium
1359 1306 1483 1370 fontem

221 1414 351 1485 adiisse,
387 1421 420 1474 et
462 1413 636 1474 editionem
676 1411 806 1489 quidem
840 1410 1087 1473 Phoenissarum
1124 1412 1252 1473 scholiis
1286 1412 1482 1488 instructam,

220 1532 316 1599 atque
358 1518 442 1580 idem
485 1516 597 1578 fecisse
639 1517 669 1577 in
711 1517 823 1578 eadem
861 1516 970 1578 fabula
1010 1516 1290 1597 mythographos?
1334 1517 1481 1593 Accedit,

220 1627 308 1705 quod
340 1644 405 1685 non
438 1622 562 1698 omnia,
594 1641 678 1702 quae
707 1632 762 1684 aut
788 1623 953 1684 Diodorus
983 1633 1038 1684 aut
1068 1621 1293 1702 Apollodorus
1322 1622 1484 1703 Euripidis

221 1730 366 1792 versibus
389 1729 487 1799 addit,
511 1729 543 1787 in
562 1727 699 1800 scholiis,
725 1727 831 1807 qualia
848 1728 978 1806 quidem
1001 1748 1085 1788 nunc
1102 1737 1258 1798 tenemus,
1282 1728 1481 1808 indagantur.

219 1836 304 1897 Nam
335 1833 508 1896 scholiasta
537 1832 641 1910 (adv.
669 1847 709 1911 50
731 1842 763 1894 et
790 1833 883 1914 1506)
911 1835 1059 1895 adnotat:
1088 1830 1301 1912 »διεσπάραξεν
1331 1827 1483 1912 ἕαυτὴνὴ

220 1941 353 2022 Epty‘r«,
377 1939 542 2001 Diodorus
564 1946 690 2000 autem:
717 1988 722 1999 .
747 1984 753 1998 .
780 1988 787 2002 ,
816 1938 901 2018 »(τὴν
918 1939 1049 2020 Σφίγγα)
1074 1933 1182 2016 ἑαυτὴν
1205 1937 1481 2019 κατακρημνίσακ<,

221 2045 445 2125 Apollodorus
471 2043 507 2121 »ἢ
529 2091 536 2105 .
555 2088 586 2105 ..
613 2043 710 2124 Σφὶγξ
732 2041 791 2101 ἀπὸ
814 2051 869 2121 τῆς
891 2042 1079 2124 ἀκροπόλεως
1102 2038 1211 2130 invehat
1237 2041 1391 2124 ἕρριψενα,
1415 2043 1483 2123 Hy-

223 2151 331 2230 ginus:
353 2149 423 2210 »illa
439 2167 473 2208 se
489 2147 739 2228 praecipitavit«
767 2146 816 2208 Ne
832 2156 940 2209 autem
961 2149 1031 2227 quis
1048 2149 1193 2220 coniciat,
1211 2168 1365 2228 umquam
1385 2149 1482 2210 etiam

220 2255 303 2317 hanc
325 2253 476 2335 Sphingis
500 2261 638 2314 mortem
662 2253 692 2313 in
718 2251 964 2313 Phoenissarum
988 2255 1219 2314 commentario
1247 2253 1351 2316 fuisse.
1397 2254 1481 2315 Nam

221 2370 396 2438 antequam
420 2378 484 2418 non
507 2358 764 2418 demonstratum
781 2359 829 2430 sit,
853 2357 1033 2419 Diodorum
1050 2369 1082 2420 et
1097 2359 1337 2438 Apollodorum
1354 2369 1482 2438 praeter

135 2472 200 2492 *N
220 2464 381 2545 Euripidis
410 2482 522 2524 versus
553 2471 585 2523 et
615 2462 737 2524 scholia
767 2463 802 2524 iis
832 2464 960 2542 adpicta
990 2463 1110 2525 nullum
1142 2464 1264 2526 fontem
1287 2464 1479 2538 adhibuisse,

222 2570 308 2632 haud
330 2569 405 2630 licet
419 2567 495 2629 talia
512 2566 711 2630 concludere.
746 2568 861 2646 Itaque
877 2570 1021 2649 adparet,
1039 2589 1161 2629 meram
1177 2590 1247 2630 esse
1264 2570 1480 2631 coniecturam

221 2686 318 2755 atque
349 2672 558 2734 fundamento
588 2682 766 2745 carentem,
799 2691 882 2751 quae
904 2673 1074 2735 Eduardus
1097 2672 1260 2735 Schwartz
1283 2674 1324 2734 de
1352 2673 1481 2735 scholiis

221 2779 468 2843 Phoenissarum
491 2797 534 2838 ex
555 2777 762 2857 Apollodoro
785 2777 988 2840 restituendis
1010 2781 1235 2858 pronuntiavit.

306 2885 391 2946 Tum
421 2903 499 2945 vero
529 2883 672 2944 nondum
703 2892 846 2955 constat,
877 2894 950 2945 ante
978 2883 1114 2945 Diodori
1137 2894 1277 2946 aetatem
1301 2887 1363 2946 iam
1386 2884 1480 2947 fuisse

219 2992 467 3054 Phoenissarum
499 2989 786 3062 commentarium,
828 2990 917 3067 quod
951 2987 1129 3050 fabularum
1167 2991 1395 3071 discrepantias
1428 2994 1479 3053 ad-

220 3105 374 3158 notasset.
397 3094 530 3156 Nullum
542 3095 626 3155 enim
639 3095 711 3156 talis
727 3095 947 3156 commentarii
960 3094 1129 3174 vestigium
1141 3095 1306 3170 invenitur,
1324 3097 1381 3158 nisi
1394 3096 1479 3159 forte

221 3201 339 3281 ζήτημα
361 3202 401 3263 ad
417 3222 447 3266 v.
463 3217 506 3277 44
528 3199 676 3276 affertur;
701 3203 789 3279 quod
812 3220 889 3261 sane
912 3209 997 3260 esset
1019 3199 1172 3272 mirabile,
1196 3203 1221 3261 si
1245 3199 1356 3264 fuisset
1378 3223 1478 3283 quon·

219 3307 311 3381 dam,
342 3307 530 3386 praesertim
560 3326 633 3367 cum
661 3305 841 3385 ὑπόμνημα,
872 3305 959 3384 quod
989 3306 1029 3367 ad
1060 3304 1265 3386 Oedipodem
1299 3304 1479 3369 Coloneum

220 3412 451 3473 eruditissimus
474 3412 606 3492 quidam
629 3412 764 3490 scripsit,
793 3430 857 3471 non
881 3411 987 3490 parvis
1010 3410 1180 3490 praeclaris
1205 3411 1392 3491 fragmentis
1415 3412 1478 3472 iam
1523 3493 1526 3500 .

218 3536 301 3578 nunc
324 3526 556 3595 cognoscatur,
587 3536 692 3597 neque
721 3516 825 3576 desint
848 3525 992 3577 veterum
1017 3518 1321 3578 commentariorum
1344 3517 1478 3596 vestigia

217 3623 247 3683 in
277 3620 406 3682 scholiis
435 3615 617 3684 Homericis
644 3631 699 3682 aut
729 3619 964 3701 Apollonianis.
1010 3619 1148 3682 Veteres
1179 3640 1257 3682 vero
1280 3619 1340 3681 hos
1362 3622 1479 3682 doctos

216 3726 485 3807 ὑπομνηματιστάς
508 3747 572 3789 non
595 3725 773 3788 fabularum
797 3726 968 3786 varietates
990 3723 1187 3799 cumulasse,
1219 3725 1275 3786 sed
1302 3726 1343 3787 ad
1374 3725 1477 3805 ipsam

217 3853 285 3896 rem
308 3834 590 3915 interpretandam,
615 3840 729 3914 utpote
754 3831 807 3911 qui
830 3831 896 3890 veri
921 3829 1034 3891 fuerint
1057 3829 1222 3910 philologi,
1246 3829 1360 3891 breves
1383 3839 1477 3890 notas

215 3939 423 4022 adscripsisse
446 3939 525 4002 infra
547 3941 694 4000 evincere
716 3936 913 3999 conabimur.

300 4047 449 4126 Denique
479 4062 675 4123 quamquam
708 4052 778 4103 tota
807 4039 942 4102 Diodori
974 4040 1013 4101 de
1036 4038 1205 4120 Oedipode
1236 4042 1374 4103 narratio
1402 4060 1474 4101 cum

218 4149 465 4211 Phoenissarum
495 4146 652 4227 prologo,
689 4150 715 4207 si
743 4147 774 4206 in
804 4147 988 4207 universum
1018 4154 1161 4225 spectas,
1192 4147 1350 4207 consentit
1378 4154 1475 4224 atque

215 4254 266 4315 vel
289 4254 403 4315 eadem
426 4251 526 4313 verba
549 4251 675 4330 saepius
696 4250 783 4330 apud
797 4250 979 4311 Diodorum
1002 4251 1210 4324 inveniuntur,
1234 4271 1316 4333 quae
1338 4251 1367 4311 in
1388 4250 1475 4312 Euri·

213 4359 295 4440 pidis
318 4357 461 4419 versibus
483 4356 634 4435 legirnuS,
666 4362 790 4428 tamen,
816 4354 939 4416 etiamsi
962 4375 1027 4416 non
1046 4355 1126 4418 aliae
1149 4375 1265 4418 causae
1288 4376 1339 4418 me
1369 4374 1474 4417 move·
