3480 5030
749 422 958 485 -15-

311 573 488 652 Postquam
509 573 585 651 quid
607 572 672 634 lere
695 573 853 653 Dionysio
874 575 1076 637 tribuendum
1100 577 1148 649 sit,
1172 576 1266 638 certis
1289 575 1477 637 testimoniis

227 679 284 741 nisi
303 688 335 740 et
358 687 450 740 caute
473 697 514 738 ex
531 677 566 739 iis
581 679 742 758 progressi
762 679 986 752 intelleximus,
1007 680 1135 741 iamiam
1149 680 1264 756 elucet,
1286 680 1371 742 haud
1387 680 1478 742 aliter

227 785 267 846 de
297 783 434 863 Dionysi
461 782 562 855 libris,
595 803 676 862 quos
706 784 746 844 de
768 783 967 866 Argonautis
995 786 1136 866 scripsit,
1165 786 1367 847 iudicandum
1397 803 1476 858 esse,

227 899 326 969 atque
356 889 396 950 de
426 887 574 967 Libycis,
606 908 685 967 quas
714 898 824 962 vocat,
856 889 971 952 fabulis
1000 889 1107 952 Liberi
1137 891 1244 971 patris
1290 891 1364 952 Non
1394 892 1477 952 enim

229 992 325 1055 refert
346 992 609 1074 Argonautarum
640 991 764 1054 fabulas
785 1014 803 1055 a
826 996 948 1076 populo
971 995 1115 1057 inventas
1137 1005 1170 1057 et
1192 995 1383 1057 carminibus
1406 1014 1477 1056 con-

227 1099 362 1172 stitutas,
385 1118 464 1178 quas
487 1099 586 1159 modo
609 1099 651 1160 ad
672 1101 851 1161 communis
866 1101 950 1162 vitae
966 1100 1121 1162 rationem
1144 1101 1322 1163 detraxisse
1339 1109 1477 1180 putatur,

228 1204 284 1265 sed
315 1203 381 1284 ipse
414 1213 530 1284 poetae
557 1202 627 1283 jure
659 1224 733 1266 usus
763 1206 829 1266 sive
859 1204 982 1267 fabulas
1006 1205 1178 1284 antiquitus
1209 1214 1302 1266 notas
1331 1207 1479 1266 immutat
1506 1229 1508 1234 ’

228 1309 295 1370 sive
323 1328 453 1389 prorsus
483 1323 583 1369 novas
613 1311 871 1372 comminiscitur.
915 1311 1023 1372 Finxit
1053 1310 1137 1371 enim
1167 1329 1194 1371 e.
1224 1329 1272 1390 gr.
1305 1308 1479 1389 Dionysius

228 1415 295 1476 sine
329 1412 427 1476 dubio
456 1437 497 1460 -·-
528 1433 602 1476 nam
635 1434 730 1476 nemo
764 1424 892 1494 praeter
923 1435 997 1477 eum
1031 1415 1074 1477 ita
1107 1415 1235 1476 tradidit
1268 1453 1301 1463 —
1327 1414 1480 1476 Phrixum

228 1529 389 1581 servatum
406 1539 477 1581 esse
495 1538 514 1580 a
529 1517 723 1599 Scytharum
741 1541 825 1600 rege,
849 1520 973 1581 Aeetae
996 1539 1125 1600 genero,
1150 1520 1203 1600 qui
1225 1539 1335 1581 amore
1358 1518 1480 1599 pulchri
1571 1579 1573 1584 .

228 1626 316 1707 pueri
339 1626 483 1686 incensus
507 1644 580 1686 eum
603 1645 622 1685 a
646 1623 774 1687 Colchis
802 1625 900 1687 tuitus
925 1634 1025 1697 esset,
1057 1634 1089 1686 et
1117 1625 1148 1685 in
1172 1623 1339 1704 Scythiam
1369 1624 1410 1685 ab
1440 1644 1479 1685 eo

227 1731 358 1792 ductum
381 1750 514 1810 regnum
538 1732 708 1810 accepisse.
755 1731 866 1811 Atque
886 1731 956 1810 quis
976 1749 1130 1807 umquam
1146 1739 1273 1810 praeter
1287 1729 1480 1808 Dionysium

228 1835 380 1904 narravit,
404 1835 564 1908 Medeam,
588 1856 671 1916 quae
693 1837 748 1897 vix
770 1856 846 1898 suos
870 1837 968 1916 ipsius
992 1834 1109 1896 liberos
1133 1836 1325 1908 necavisset,
1350 1833 1481 1895 Thebas

227 1939 404 2021 profectam
428 1940 600 2002 Herculem
623 1941 779 2003 invenisse
801 1941 883 2002 inter
905 1940 1077 2002 liberorum
1100 1940 1274 2013 cadavera,
1306 1960 1388 2019 quos
1412 1939 1480 2019 ipse

230 2046 349 2108 insania
372 2046 574 2128 perturbatus
597 2045 826 2109 interemisset?

313 2152 427 2214 Melius
442 2172 528 2225 ver0,
545 2153 571 2213 si
585 2155 762 2215 accuratius
777 2149 1017 2233 perlustraveris
1032 2149 1169 2230 Dionysi
1186 2151 1481 2232 Argonauticorum

229 2257 422 2337 epitomam,
461 2278 558 2337 quam
592 2258 754 2320 Diodorus
787 2256 941 2328 servavit,
976 2274 1169 2336 cognosces,
1204 2267 1335 2336 poetam
1370 2253 1481 2335 Scyto-

228 2362 435 2424 brachionem
452 2365 548 2425 etiam
565 2365 595 2424 in
610 2363 838 2442 Argonauticis
859 2381 930 2422 esse
946 2360 1092 2435 voluisse,
1116 2381 1180 2423 non
1196 2361 1481 2442 mythographum.

230 2467 313 2528 Nam
348 2468 443 2528 etiarn
479 2466 603 2529 fabulas
639 2469 700 2529 iarn
738 2477 831 2529 antea
865 2466 1053 2528 constitutas
1088 2468 1246 2530 nonnullis
1279 2467 1394 2528 additis
1428 2474 1483 2527 aut

228 2569 429 2652 amplificatis
462 2568 641 2634 commutat
674 2582 771 2652 atque
805 2592 905 2632 novas
939 2572 1052 2633 reddit.
1098 2571 1190 2651 Quae
1213 2573 1289 2646 dixi,
1324 2570 1482 2651 exemplis

228 2676 403 2740 illustrabo
449 2679 624 2758 Dionysius
655 2677 720 2739 lere
750 2679 790 2739 ad
817 2677 982 2757 vulgarem
1006 2676 1146 2738 fabulam
1170 2681 1210 2757 (v.
1234 2677 1310 2739 bibl.
1334 2677 1373 2739 Il.
1400 2692 1426 2755 5.
1450 2678 1482 2755 9)

229 2784 381 2856 narravit,
416 2804 513 2864 quarn
546 2784 589 2846 ob
623 2803 753 2846 causam
783 2783 926 2845 Hesiona
958 2783 1107 2864 exposita
1136 2793 1220 2845 esset
1253 2792 1286 2846 et
1317 2782 1482 2862 quomodo

229 2888 384 2950 Hercules
400 2891 632 2951 cammonstro
649 2889 771 2950 marino
788 2887 955 2950 interfecto
970 2887 1222 2964 liberavissetffi).
1253 2887 1317 2950 Sed
1330 2887 1481 2961 Hesiona,

229 3012 311 3072 quae
333 2995 510 3056 secundum
533 2994 774 3074 Apollodorum
798 2993 839 3054 ab
861 2993 1015 3074 Apolline
1045 2995 1086 3056 ad
1113 2993 1300 3056 sacrificium
1324 2991 1483 3054 destinata

230 3106 295 3170 est,
326 3098 412 3178 apud
443 3099 636 3177 Dionysium
666 3107 753 3159 sorte
783 3098 863 3159 inter
893 3099 1016 3180 puellas
1046 3099 1179 3180 eligitur.
1223 3098 1391 3160 Praeterea
1419 3099 1483 3160 iam

231 3199 312 3263 Otto
334 3199 469 3264 Sieroka
491 3223 522 3283 p.
544 3219 578 3263 21
607 3203 839 3274 animadvertit,
865 3201 1173 3283 Scytobrachionem
1196 3204 1294 3266 libere
1317 3205 1482 3282 invenisse,

231 3307 406 3368 Hesionam
430 3308 531 3388 ipsam
556 3317 683 3388 praeter
704 3327 804 3386 equas
827 3329 845 3369 a
868 3307 1091 3372 Laomedonte
1115 3309 1243 3371 Herculi
1270 3312 1379 3372 datam
1402 3330 1481 3383 esse,

231 3421 405 3493 postquam
429 3414 498 3494 ipsa
521 3423 553 3474 et
575 3414 678 3493 gratia
701 3423 732 3475 et
755 3415 870 3475 timore
893 3423 982 3475 mota
1004 3414 1148 3495 professa
1171 3425 1271 3488 esset,
1296 3436 1330 3477 se
1352 3414 1484 3478 heroem

231 3539 301 3580 esse
331 3529 521 3582 secuturam.
568 3519 614 3582 Ut
644 3519 728 3581 aliud
759 3520 944 3600 exemplum
976 3520 1155 3601 proferam,
1185 3519 1306 3582 Iasonis
1333 3522 1485 3599 mater¹⁷)

316 3767 351 3833 l⁶)
380 3769 498 3833 Hyginus
516 3768 567 3818 sab.
586 3769 618 3830 89
637 3785 688 3816 non
707 3784 800 3832 paucas
819 3768 1040 3832 Scytobrachionis
1064 3768 1167 3817 lacinias
1185 3770 1300 3820 servavit.
1336 3770 1378 3818 A'd
1397 3771 1483 3833 Scyto·

231 3857 394 3906 brachionem
420 3857 482 3906 rnihi
508 3857 630 3921 pertinere
656 3856 775 3906 videntur
805 3857 880 3905 etiam
907 3857 970 3906 haec
998 3858 1096 3922 Hygini
1123 3859 1210 3908 verba:
1244 3876 1316 3908 »cum
1344 3860 1484 3925 complures

232 3943 278 4006 (sc.
297 3945 406 4009 virgines
425 3962 439 3994 a
458 3943 525 4010 ceto)
549 3954 714 4008 consumptae
737 3953 820 4003 essent
844 3953 868 3994 et
892 3944 1018 3994 Hesiones
1041 3962 1094 3995 sors
1117 3946 1207 3996 exisset
1233 3956 1257 3996 et
1281 3947 1357 4013 petris
1381 3948 1486 4012 religata

231 4041 309 4081 esset«
331 4069 336 4082 .
358 4069 364 4082 .
387 4070 392 4082 .
1255 4044 1257 4048 '

317 4117 352 4184 Π)
381 4122 556 4184 Apollodorus
585 4139 609 4186 p.
635 4133 675 4184 27,
708 4123 725 4170 l.
752 4134 764 4184 7
802 4122 899 4171 Iasonis
927 4130 1031 4171 matrem
1055 4123 1219 4187 Polymedam
1245 4125 1368 4174 nominat.
1407 4126 1484 4188 Quod

233 4223 326 4256 nomen
339 4217 420 4256 ortum
434 4210 533 4259 videtur
544 4211 757 4260 contaminatione
771 4211 880 4260 nominis
891 4205 1072 4280 Ἀλκιμέδη,
1085 4212 1155 4276 quod
1166 4212 1245 4264 schol.
1259 4211 1347 4276 Apoll.
1358 4214 1408 4264 Rh.
1419 4215 1439 4264 l.
1451 4226 1482 4278 45

232 4295 403 4358 ePherecyde
422 4299 497 4346 tradit
514 4307 539 4348 et
557 4300 581 4348 in
596 4299 693 4363 Hygini
711 4300 764 4347 fab.
783 4312 812 4361 13
832 4299 931 4362 legitur,
953 4308 977 4348 et
994 4300 1103 4348 nominis
1118 4295 1313 4372 Πολυφήμη,
1331 4302 1400 4365 quod
1418 4303 1485 4352 idern

231 4383 364 4433 scholiasta
385 4400 415 4433 ex
434 4388 570 4437 Herodoto
590 4389 703 4437 adnotat.
