<?xml version="1.0" encoding="UTF-8"?>
<!DOCTYPE html PUBLIC "-//W3C//DTD XHTML 1.0 Transitional//EN"
    "http://www.w3.org/TR/xhtml1/DTD/xhtml1-transitional.dtd">
<html xmlns="http://www.w3.org/1999/xhtml" xml:lang="en" lang="en">
 <head>
  <title>
</title>
<meta http-equiv="Content-Type" content="text/html;charset=utf-8" />
  <meta name='ocr-system' content='tesseract 3.04.00' />
  <meta name='ocr-capabilities' content='ocr_page ocr_carea ocr_par ocr_line ocrx_word'/>
</head>
<body>
  <div class='ocr_page' id='page_1' title='image "./quaestionesdiod01bethgoog_0059.png"; bbox 0 0 3438 5028; ppageno 0'>
   <div class='ocr_carea' id='block_1_1' title="bbox 768 402 981 466">
    <p class='ocr_par' dir='ltr' id='par_1_1' title="bbox 768 402 981 466">
     <span class='ocr_line' id='line_1_1' title="bbox 768 402 981 466; baseline -0.005 -32"><span class='ocrx_word' id='word_1_1' title='bbox 768 402 981 466; x_wconf 64' lang='grc'>,5,-</span> 
     </span>
    </p>
   </div>
   <div class='ocr_carea' id='block_1_2' title="bbox 232 541 1507 1684">
    <p class='ocr_par' dir='ltr' id='par_1_2' title="bbox 232 541 1507 1684">
     <span class='ocr_line' id='line_1_2' title="bbox 243 541 1507 638; baseline 0.002 -20"><span class='ocrx_word' id='word_1_2' title='bbox 243 557 298 636; x_wconf 90' lang='lat' dir='ltr'>qui</span> <span class='ocrx_word' id='word_1_3' title='bbox 329 555 370 618; x_wconf 90' lang='lat' dir='ltr'>ab</span> <span class='ocrx_word' id='word_1_4' title='bbox 400 555 557 636; x_wconf 88' lang='lat' dir='ltr'>Apolloni</span> <span class='ocrx_word' id='word_1_5' title='bbox 587 556 761 618; x_wconf 85' lang='lat' dir='ltr'>scholiasta</span> <span class='ocrx_word' id='word_1_6' title='bbox 783 556 806 618; x_wconf 94' lang='lat' dir='ltr'>I.</span> <span class='ocrx_word' id='word_1_7' title='bbox 834 571 909 636; x_wconf 83' lang='lat'>172,</span> <span class='ocrx_word' id='word_1_8' title='bbox 940 555 1148 636; x_wconf 88' lang='lat' dir='ltr'>Apollodoro</span> <span class='ocrx_word' id='word_1_9' title='bbox 1175 577 1207 638; x_wconf 93' lang='lat' dir='ltr'>p.</span> <span class='ocrx_word' id='word_1_10' title='bbox 1234 559 1272 636; x_wconf 85' lang='lat'>58</span> <span class='ocrx_word' id='word_1_11' title='bbox 1302 556 1321 618; x_wconf 95' lang='lat' dir='ltr'>l.</span> <span class='ocrx_word' id='word_1_12' title='bbox 1351 541 1405 631; x_wconf 89' lang='lat'>12,</span> <span class='ocrx_word' id='word_1_13' title='bbox 1437 558 1507 620; x_wconf 90' lang='lat' dir='ltr'>aliis</span> 
     </span>
     <span class='ocr_line' id='line_1_3' title="bbox 245 659 1504 742; baseline 0.002 -20"><span class='ocrx_word' id='word_1_14' title='bbox 245 662 356 723; x_wconf 91' lang='lat' dir='ltr'>itidem</span> <span class='ocrx_word' id='word_1_15' title='bbox 378 659 570 723; x_wconf 90' lang='lat' dir='ltr'>Phorbantis</span> <span class='ocrx_word' id='word_1_16' title='bbox 592 660 691 736; x_wconf 86' lang='lat' dir='ltr'>filius,</span> <span class='ocrx_word' id='word_1_17' title='bbox 721 660 763 722; x_wconf 91' lang='lat' dir='ltr'>ab</span> <span class='ocrx_word' id='word_1_18' title='bbox 785 659 992 742; x_wconf 85' lang='lat' dir='ltr'>Apollodoro</span> <span class='ocrx_word' id='word_1_19' title='bbox 1015 681 1047 741; x_wconf 88' lang='lat' dir='ltr'>p.</span> <span class='ocrx_word' id='word_1_20' title='bbox 1071 676 1113 740; x_wconf 90' lang='lat'>70</span> <span class='ocrx_word' id='word_1_21' title='bbox 1136 661 1154 724; x_wconf 90' lang='lat' dir='ltr'>l.</span> <span class='ocrx_word' id='word_1_22' title='bbox 1183 678 1218 723; x_wconf 87' lang='lat'>12</span> <span class='ocrx_word' id='word_1_23' title='bbox 1242 662 1373 724; x_wconf 89' lang='lat' dir='ltr'>Actoris</span> <span class='ocrx_word' id='word_1_24' title='bbox 1397 661 1504 736; x_wconf 86' lang='lat' dir='ltr'>frater,</span> 
     </span>
     <span class='ocr_line' id='line_1_4' title="bbox 245 765 1506 846; baseline 0.001 -19"><span class='ocrx_word' id='word_1_25' title='bbox 245 786 265 827; x_wconf 97' lang='lat' dir='ltr'>a</span> <span class='ocrx_word' id='word_1_26' title='bbox 285 765 442 827; x_wconf 80' lang='lat' dir='ltr'>Pausania</span> <span class='ocrx_word' id='word_1_27' title='bbox 457 765 499 827; x_wconf 90' lang='lat' dir='ltr'>V.</span> <span class='ocrx_word' id='word_1_28' title='bbox 528 782 552 828; x_wconf 92' lang='lat'>1.</span> <span class='ocrx_word' id='word_1_29' title='bbox 577 782 611 827; x_wconf 91' lang='lat'>11</span> <span class='ocrx_word' id='word_1_30' title='bbox 635 765 794 846; x_wconf 83' lang='lat' dir='ltr'>Lapithae</span> <span class='ocrx_word' id='word_1_31' title='bbox 817 785 919 846; x_wconf 90' lang='lat' dir='ltr'>nepos</span> <span class='ocrx_word' id='word_1_32' title='bbox 943 774 1084 829; x_wconf 86' lang='lat' dir='ltr'>vocatur.</span> <span class='ocrx_word' id='word_1_33' title='bbox 1121 765 1219 846; x_wconf 84' lang='lat' dir='ltr'>Quod</span> <span class='ocrx_word' id='word_1_34' title='bbox 1233 787 1311 828; x_wconf 91' lang='lat' dir='ltr'>vero</span> <span class='ocrx_word' id='word_1_35' title='bbox 1327 768 1368 829; x_wconf 88' lang='lat' dir='ltr'>ad</span> <span class='ocrx_word' id='word_1_36' title='bbox 1382 766 1506 829; x_wconf 89' lang='lat' dir='ltr'>Ixionis</span> 
     </span>
     <span class='ocr_line' id='line_1_5' title="bbox 248 868 1507 950; baseline 0 -18"><span class='ocrx_word' id='word_1_37' title='bbox 248 869 391 933; x_wconf 87' lang='lat' dir='ltr'>fabulam</span> <span class='ocrx_word' id='word_1_38' title='bbox 413 870 543 945; x_wconf 88' lang='lat' dir='ltr'>attinet,</span> <span class='ocrx_word' id='word_1_39' title='bbox 567 871 609 933; x_wconf 93' lang='lat' dir='ltr'>de</span> <span class='ocrx_word' id='word_1_40' title='bbox 632 868 866 932; x_wconf 85' lang='lat' dir='ltr'>Centaurorum</span> <span class='ocrx_word' id='word_1_41' title='bbox 889 869 1019 950; x_wconf 90' lang='lat' dir='ltr'>quidem</span> <span class='ocrx_word' id='word_1_42' title='bbox 1042 880 1114 932; x_wconf 92' lang='lat' dir='ltr'>ortu</span> <span class='ocrx_word' id='word_1_43' title='bbox 1137 872 1167 931; x_wconf 92' lang='lat' dir='ltr'>in</span> <span class='ocrx_word' id='word_1_44' title='bbox 1190 871 1312 950; x_wconf 85' lang='lat' dir='ltr'>Hygini</span> <span class='ocrx_word' id='word_1_45' title='bbox 1336 869 1442 932; x_wconf 87' lang='lat' dir='ltr'>sabula</span> <span class='ocrx_word' id='word_1_46' title='bbox 1464 872 1507 932; x_wconf 92' lang='lat'>62</span> 
     </span>
     <span class='ocr_line' id='line_1_6' title="bbox 245 972 1506 1056; baseline -0.001 -20"><span class='ocrx_word' id='word_1_47' title='bbox 245 974 333 1037; x_wconf 90' lang='lat' dir='ltr'>idem</span> <span class='ocrx_word' id='word_1_48' title='bbox 359 975 491 1056; x_wconf 86' lang='lat' dir='ltr'>legitur,</span> <span class='ocrx_word' id='word_1_49' title='bbox 527 976 615 1056; x_wconf 90' lang='lat' dir='ltr'>quod</span> <span class='ocrx_word' id='word_1_50' title='bbox 645 975 807 1036; x_wconf 90' lang='lat' dir='ltr'>Diodorus</span> <span class='ocrx_word' id='word_1_51' title='bbox 837 975 950 1056; x_wconf 90' lang='lat' dir='ltr'>capitis</span> <span class='ocrx_word' id='word_1_52' title='bbox 978 974 1021 1054; x_wconf 91' lang='lat'>69</span> <span class='ocrx_word' id='word_1_53' title='bbox 1050 977 1071 1054; x_wconf 63' lang='grc' dir='ltr'>ξ</span> <span class='ocrx_word' id='word_1_54' title='bbox 1104 989 1118 1053; x_wconf 83' lang='grc'><strong><em>5</em></strong></span> <span class='ocrx_word' id='word_1_55' title='bbox 1150 984 1265 1037; x_wconf 88' lang='lat' dir='ltr'>narrat.</span> <span class='ocrx_word' id='word_1_56' title='bbox 1311 972 1394 1036; x_wconf 89' lang='lat' dir='ltr'>Cum</span> <span class='ocrx_word' id='word_1_57' title='bbox 1428 995 1506 1038; x_wconf 92' lang='lat' dir='ltr'>vero</span> 
     </span>
     <span class='ocr_line' id='line_1_7' title="bbox 246 1077 1504 1160; baseline -0.001 -18"><span class='ocrx_word' id='word_1_58' title='bbox 246 1080 439 1143; x_wconf 87' lang='lat' dir='ltr'>scholiastae</span> <span class='ocrx_word' id='word_1_59' title='bbox 468 1080 510 1142; x_wconf 91' lang='lat' dir='ltr'>ad</span> <span class='ocrx_word' id='word_1_60' title='bbox 539 1080 665 1142; x_wconf 89' lang='lat' dir='ltr'>Pindari</span> <span class='ocrx_word' id='word_1_61' title='bbox 693 1077 788 1160; x_wconf 85' lang='lat' dir='ltr'>Pyth.</span> <span class='ocrx_word' id='word_1_62' title='bbox 814 1079 855 1147; x_wconf 84' lang='grc' dir='ltr'>ΙΙ.</span> <span class='ocrx_word' id='word_1_63' title='bbox 885 1098 914 1144; x_wconf 83' lang='grc' dir='ltr'><strong><em>ν.</em></strong></span> <span class='ocrx_word' id='word_1_64' title='bbox 942 1095 996 1158; x_wconf 86' lang='lat'>39,</span> <span class='ocrx_word' id='word_1_65' title='bbox 1027 1078 1069 1140; x_wconf 94' lang='lat' dir='ltr'>ad</span> <span class='ocrx_word' id='word_1_66' title='bbox 1092 1079 1248 1160; x_wconf 92' lang='lat' dir='ltr'>Apolloni</span> <span class='ocrx_word' id='word_1_67' title='bbox 1276 1078 1384 1140; x_wconf 92' lang='lat' dir='ltr'>Rhodi</span> <span class='ocrx_word' id='word_1_68' title='bbox 1407 1078 1426 1141; x_wconf 92' lang='lat' dir='ltr'>l.</span> <span class='ocrx_word' id='word_1_69' title='bbox 1448 1078 1504 1141; x_wconf 90' lang='lat' dir='ltr'>III.</span> 
     </span>
     <span class='ocr_line' id='line_1_8' title="bbox 232 1181 1506 1264; baseline 0 -20"><span class='ocrx_word' id='word_1_70' title='bbox 232 1204 275 1250; x_wconf 91' lang='lat' dir='ltr'>.v.</span> <span class='ocrx_word' id='word_1_71' title='bbox 297 1184 357 1259; x_wconf 87' lang='lat'>62,</span> <span class='ocrx_word' id='word_1_72' title='bbox 388 1184 430 1246; x_wconf 91' lang='lat' dir='ltr'>ad</span> <span class='ocrx_word' id='word_1_73' title='bbox 452 1184 496 1253; x_wconf 85' lang='lat' dir='ltr'>A.</span> <span class='ocrx_word' id='word_1_74' title='bbox 520 1185 581 1246; x_wconf 90' lang='lat'>268</span> <span class='ocrx_word' id='word_1_75' title='bbox 604 1185 694 1258; x_wconf 90' lang='lat' dir='ltr'>AD,</span> <span class='ocrx_word' id='word_1_76' title='bbox 719 1183 760 1245; x_wconf 91' lang='lat' dir='ltr'>ad</span> <span class='ocrx_word' id='word_1_77' title='bbox 782 1183 943 1264; x_wconf 88' lang='lat' dir='ltr'>Euripidis</span> <span class='ocrx_word' id='word_1_78' title='bbox 963 1181 1210 1245; x_wconf 88' lang='lat' dir='ltr'>Phoenissarum</span> <span class='ocrx_word' id='word_1_79' title='bbox 1231 1203 1261 1244; x_wconf 91' lang='lat' dir='ltr'>v.</span> <span class='ocrx_word' id='word_1_80' title='bbox 1288 1184 1365 1262; x_wconf 84' lang='lat'>1185</span> <span class='ocrx_word' id='word_1_81' title='bbox 1389 1181 1506 1245; x_wconf 91' lang='lat' dir='ltr'>ACM</span> 
     </span>
     <span class='ocr_line' id='line_1_9' title="bbox 246 1287 1506 1369; baseline -0.001 -19"><span class='ocrx_word' id='word_1_82' title='bbox 246 1289 329 1351; x_wconf 88' lang='lat' dir='ltr'>hanc</span> <span class='ocrx_word' id='word_1_83' title='bbox 365 1287 507 1351; x_wconf 87' lang='lat' dir='ltr'>fabulam</span> <span class='ocrx_word' id='word_1_84' title='bbox 537 1288 653 1351; x_wconf 89' lang='lat' dir='ltr'>eodem</span> <span class='ocrx_word' id='word_1_85' title='bbox 686 1289 785 1351; x_wconf 93' lang='lat' dir='ltr'>modo</span> <span class='ocrx_word' id='word_1_86' title='bbox 817 1297 979 1350; x_wconf 89' lang='lat' dir='ltr'>narratam</span> <span class='ocrx_word' id='word_1_87' title='bbox 1007 1289 1203 1369; x_wconf 89' lang='lat' dir='ltr'>coniungant</span> <span class='ocrx_word' id='word_1_88' title='bbox 1233 1289 1315 1350; x_wconf 92' lang='lat' dir='ltr'>sicut</span> <span class='ocrx_word' id='word_1_89' title='bbox 1340 1287 1506 1349; x_wconf 91' lang='lat' dir='ltr'>Diodorus</span> 
     </span>
     <span class='ocr_line' id='line_1_10' title="bbox 248 1392 1505 1474; baseline 0 -20"><span class='ocrx_word' id='word_1_90' title='bbox 248 1413 322 1455; x_wconf 91' lang='lat' dir='ltr'>cum</span> <span class='ocrx_word' id='word_1_91' title='bbox 343 1392 465 1456; x_wconf 87' lang='lat' dir='ltr'>Ixionis</span> <span class='ocrx_word' id='word_1_92' title='bbox 487 1392 608 1456; x_wconf 88' lang='lat' dir='ltr'>scelere</span> <span class='ocrx_word' id='word_1_93' title='bbox 634 1394 665 1455; x_wconf 91' lang='lat' dir='ltr'>in</span> <span class='ocrx_word' id='word_1_94' title='bbox 687 1393 897 1473; x_wconf 78' lang='lat' dir='ltr'>Eioneum⁶⁵)</span> <span class='ocrx_word' id='word_1_95' title='bbox 927 1393 1118 1467; x_wconf 76' lang='lat' dir='ltr'>commiSSO,</span> <span class='ocrx_word' id='word_1_96' title='bbox 1148 1393 1297 1474; x_wconf 86' lang='lat' dir='ltr'>adparet,</span> <span class='ocrx_word' id='word_1_97' title='bbox 1321 1392 1505 1454; x_wconf 89' lang='lat' dir='ltr'>Diodorum</span> 
     </span>
     <span class='ocr_line' id='line_1_11' title="bbox 246 1495 1505 1578; baseline 0 -20"><span class='ocrx_word' id='word_1_98' title='bbox 246 1496 414 1578; x_wconf 88' lang='lat' dir='ltr'>Hyginum</span> <span class='ocrx_word' id='word_1_99' title='bbox 444 1496 632 1559; x_wconf 90' lang='lat' dir='ltr'>scholiastas</span> <span class='ocrx_word' id='word_1_100' title='bbox 663 1518 705 1559; x_wconf 92' lang='lat' dir='ltr'>ex</span> <span class='ocrx_word' id='word_1_101' title='bbox 735 1498 851 1559; x_wconf 90' lang='lat' dir='ltr'>eodem</span> <span class='ocrx_word' id='word_1_102' title='bbox 881 1497 969 1561; x_wconf 85' lang='lat' dir='ltr'>fonte</span> <span class='ocrx_word' id='word_1_103' title='bbox 997 1497 1149 1559; x_wconf 89' lang='lat' dir='ltr'>hausisse.</span> <span class='ocrx_word' id='word_1_104' title='bbox 1206 1495 1252 1558; x_wconf 90' lang='lat' dir='ltr'>Ut</span> <span class='ocrx_word' id='word_1_105' title='bbox 1280 1495 1401 1560; x_wconf 83' lang='lat' dir='ltr'>facilius</span> <span class='ocrx_word' id='word_1_106' title='bbox 1435 1517 1505 1559; x_wconf 91' lang='lat' dir='ltr'>rem</span> 
     </span>
     <span class='ocr_line' id='line_1_12' title="bbox 245 1601 1506 1684; baseline 0 -20"><span class='ocrx_word' id='word_1_107' title='bbox 245 1603 429 1684; x_wconf 89' lang='lat' dir='ltr'>perspicias,</span> <span class='ocrx_word' id='word_1_108' title='bbox 454 1601 633 1664; x_wconf 89' lang='lat' dir='ltr'>describam</span> <span class='ocrx_word' id='word_1_109' title='bbox 656 1602 790 1665; x_wconf 90' lang='lat' dir='ltr'>Diodori</span> <span class='ocrx_word' id='word_1_110' title='bbox 815 1611 848 1664; x_wconf 94' lang='lat' dir='ltr'>et</span> <span class='ocrx_word' id='word_1_111' title='bbox 869 1602 992 1684; x_wconf 86' lang='lat' dir='ltr'>Hygini</span> <span class='ocrx_word' id='word_1_112' title='bbox 1015 1602 1106 1665; x_wconf 90' lang='lat' dir='ltr'>locos</span> <span class='ocrx_word' id='word_1_113' title='bbox 1128 1609 1225 1680; x_wconf 92' lang='lat' dir='ltr'>atque</span> <span class='ocrx_word' id='word_1_114' title='bbox 1247 1601 1370 1674; x_wconf 89' lang='lat' dir='ltr'>scholia</span> <span class='ocrx_word' id='word_1_115' title='bbox 1380 1603 1423 1667; x_wconf 90' lang='lat' dir='ltr'>A.</span> <span class='ocrx_word' id='word_1_116' title='bbox 1442 1603 1506 1664; x_wconf 89' lang='lat'>268</span> 
     </span>
    </p>
   </div>
   <div class='ocr_carea' id='block_1_3' title="bbox 246 1705 1507 3211">
    <p class='ocr_par' dir='ltr' id='par_1_3' title="bbox 246 1705 730 1788">
     <span class='ocr_line' id='line_1_13' title="bbox 246 1705 730 1788; baseline 0 -19"><span class='ocrx_word' id='word_1_117' title='bbox 246 1717 279 1770; x_wconf 90' lang='lat' dir='ltr'>et</span> <span class='ocrx_word' id='word_1_118' title='bbox 301 1706 343 1768; x_wconf 91' lang='lat' dir='ltr'>ad</span> <span class='ocrx_word' id='word_1_119' title='bbox 365 1705 578 1788; x_wconf 92' lang='lat' dir='ltr'>Apollonium</span> <span class='ocrx_word' id='word_1_120' title='bbox 600 1705 654 1768; x_wconf 94' lang='lat' dir='ltr'>III.</span> <span class='ocrx_word' id='word_1_121' title='bbox 678 1708 730 1769; x_wconf 90' lang='lat'>62.</span> 
     </span>
    </p>

    <p class='ocr_par' dir='ltr' id='par_1_4' title="bbox 282 1809 1505 1876">
     <span class='ocr_line' id='line_1_14' title="bbox 282 1809 1505 1876; baseline 0.002 -16"><span class='ocrx_word' id='word_1_122' title='bbox 282 1813 388 1862; x_wconf 91' lang='lat' dir='ltr'>Diodor.</span> <span class='ocrx_word' id='word_1_123' title='bbox 407 1814 452 1863; x_wconf 94' lang='lat' dir='ltr'>IV.</span> <span class='ocrx_word' id='word_1_124' title='bbox 473 1811 515 1874; x_wconf 88' lang='lat'>69.</span> <span class='ocrx_word' id='word_1_125' title='bbox 536 1823 613 1876; x_wconf 82' lang='lat'>3—5.</span> <span class='ocrx_word' id='word_1_126' title='bbox 734 1814 813 1863; x_wconf 90' lang='lat' dir='ltr'>schol.</span> <span class='ocrx_word' id='word_1_127' title='bbox 834 1815 867 1863; x_wconf 91' lang='lat' dir='ltr'>A.</span> <span class='ocrx_word' id='word_1_128' title='bbox 887 1811 936 1862; x_wconf 86' lang='lat'>268</span> <span class='ocrx_word' id='word_1_129' title='bbox 960 1814 1023 1862; x_wconf 90' lang='lat' dir='ltr'>AD.</span> <span class='ocrx_word' id='word_1_130' title='bbox 1102 1809 1317 1876; x_wconf 88' lang='lat' dir='ltr'>schol.Apollon.</span> <span class='ocrx_word' id='word_1_131' title='bbox 1331 1813 1382 1862; x_wconf 93' lang='lat' dir='ltr'>Rh.</span> <span class='ocrx_word' id='word_1_132' title='bbox 1397 1814 1446 1862; x_wconf 92' lang='lat' dir='ltr'>III.</span> <span class='ocrx_word' id='word_1_133' title='bbox 1462 1813 1505 1862; x_wconf 88' lang='lat'>62.</span> 
     </span>
    </p>

    <p class='ocr_par' dir='ltr' id='par_1_5' title="bbox 246 1894 1503 2142">
     <span class='ocr_line' id='line_1_15' title="bbox 299 1894 1503 1969; baseline 0 -18"><span class='ocrx_word' id='word_1_134' title='bbox 299 1937 305 1950; x_wconf 91' lang='lat'>.</span> <span class='ocrx_word' id='word_1_135' title='bbox 321 1938 328 1951; x_wconf 86' lang='lat'>.</span> <span class='ocrx_word' id='word_1_136' title='bbox 342 1895 489 1959; x_wconf 85' lang='grc' dir='ltr'><strong><em>.Ἀντίων,</em></strong></span> <span class='ocrx_word' id='word_1_137' title='bbox 510 1894 539 1955; x_wconf 80' lang='grc' dir='ltr'>ὃς</span> <span class='ocrx_word' id='word_1_138' title='bbox 556 1901 650 1969; x_wconf 76' lang='grc' dir='ltr'><strong><em>μιγεὶς</em></strong></span> <span class='ocrx_word' id='word_1_139' title='bbox 713 1898 810 1965; x_wconf 82' lang='grc' dir='ltr'><em>Ἰξίων,</em></span> <span class='ocrx_word' id='word_1_140' title='bbox 828 1896 987 1967; x_wconf 75' lang='grc' dir='ltr'><strong><em>ὁφλεγύυυ</em></strong></span> <span class='ocrx_word' id='word_1_141' title='bbox 1000 1903 1074 1962; x_wconf 82' lang='grc' dir='ltr'><strong><em>παῖς,</em></strong></span> <span class='ocrx_word' id='word_1_142' title='bbox 1143 1895 1270 1967; x_wconf 77' lang='grc' dir='ltr'><em>Φλεγύου</em></span> <span class='ocrx_word' id='word_1_143' title='bbox 1286 1898 1317 1950; x_wconf 71' lang='grc' dir='ltr'>δὲ</span> <span class='ocrx_word' id='word_1_144' title='bbox 1332 1897 1392 1957; x_wconf 80' lang='grc' dir='ltr'><strong><em>υίὸς</em></strong></span> <span class='ocrx_word' id='word_1_145' title='bbox 1403 1895 1503 1964; x_wconf 85' lang='grc' dir='ltr'><strong><em>Ἰξίων,</em></strong></span> 
     </span>
     <span class='ocr_line' id='line_1_16' title="bbox 246 1981 1503 2058; baseline 0.002 -19"><span class='ocrx_word' id='word_1_146' title='bbox 246 1981 393 2058; x_wconf 72' lang='grc' dir='ltr'>Περιμήλᾳ</span> <span class='ocrx_word' id='word_1_147' title='bbox 420 1989 449 2058; x_wconf 74' lang='grc' dir='ltr'>τῇ</span> <span class='ocrx_word' id='word_1_148' title='bbox 471 1981 648 2057; x_wconf 70' lang='grc' dir='ltr'><strong><em>Ἀμυθάονος</em></strong></span> <span class='ocrx_word' id='word_1_149' title='bbox 1100 1982 1189 2045; x_wconf 83' lang='grc' dir='ltr'><strong><em>ιύςκαλ</em></strong></span> <span class='ocrx_word' id='word_1_150' title='bbox 1199 1985 1366 2057; x_wconf 82' lang='grc' dir='ltr'><strong><em>Εὐριπίδης·</em></strong></span> <span class='ocrx_word' id='word_1_151' title='bbox 1379 1988 1503 2058; x_wconf 78' lang='grc' dir='ltr'><strong><em>»Φλεγύ-</em></strong></span> 
     </span>
     <span class='ocr_line' id='line_1_17' title="bbox 246 2073 1502 2142; baseline -0.003 -14"><span class='ocrx_word' id='word_1_152' title='bbox 246 2076 393 2142; x_wconf 72' lang='grc' dir='ltr'><strong><em>ἐγέννησεν</em></strong></span> <span class='ocrx_word' id='word_1_153' title='bbox 408 2073 515 2138; x_wconf 82' lang='grc' dir='ltr'><strong><em>Ἰξίονα.</em></strong></span> <span class='ocrx_word' id='word_1_154' title='bbox 1100 2092 1180 2131; x_wconf 80' lang='grc' dir='ltr'><strong><em>αντος</em></strong></span> <span class='ocrx_word' id='word_1_155' title='bbox 1196 2077 1246 2137; x_wconf 68' lang='lat' dir='ltr'>ute,</span> <span class='ocrx_word' id='word_1_156' title='bbox 1263 2075 1376 2130; x_wconf 66' lang='grc' dir='ltr'><strong><em>δέσποτ’</em></strong></span> <span class='ocrx_word' id='word_1_157' title='bbox 1386 2074 1502 2137; x_wconf 60' lang='grc' dir='ltr'><strong><em>Ἰξίονι</em></strong></span> 
     </span>
    </p>

    <p class='ocr_par' dir='ltr' id='par_1_6' title="bbox 1098 2160 1504 2235">
     <span class='ocr_line' id='line_1_18' title="bbox 1098 2160 1504 2235; baseline 0.01 -21"><span class='ocrx_word' id='word_1_158' title='bbox 1098 2161 1254 2231; x_wconf 67' lang='grc' dir='ltr'><strong><em>Φερεκύδης</em></strong></span> <span class='ocrx_word' id='word_1_159' title='bbox 1277 2163 1308 2218; x_wconf 75' lang='grc' dir='ltr'>δὲ</span> <span class='ocrx_word' id='word_1_160' title='bbox 1323 2160 1504 2235; x_wconf 60' lang='grc' dir='ltr'><strong><em>Ἀντίονοςῑ).</em></strong></span> 
     </span>
    </p>

    <p class='ocr_par' dir='ltr' id='par_1_7' title="bbox 249 2249 1507 3127">
     <span class='ocr_line' id='line_1_19' title="bbox 302 2249 1507 2332; baseline 0.004 -25"><span class='ocrx_word' id='word_1_161' title='bbox 302 2249 384 2316; x_wconf 86' lang='grc' dir='ltr'><strong><em>οὗτος</em></strong></span> <span class='ocrx_word' id='word_1_162' title='bbox 419 2253 449 2307; x_wconf 81' lang='lat' dir='ltr'>‹l‘</span> <span class='ocrx_word' id='word_1_163' title='bbox 487 2254 524 2315; x_wconf 80' lang='grc' dir='ltr'><strong><em>ιύς</em></strong></span> <span class='ocrx_word' id='word_1_164' title='bbox 561 2273 650 2327; x_wconf 77' lang='grc' dir='ltr'><strong><em>φασιν</em></strong></span> <span class='ocrx_word' id='word_1_165' title='bbox 1155 2260 1226 2324; x_wconf 71' lang='grc' dir='ltr'><strong><em>φησι</em></strong></span> <span class='ocrx_word' id='word_1_166' title='bbox 1254 2259 1285 2309; x_wconf 74' lang='lat' dir='ltr'>di</span> <span class='ocrx_word' id='word_1_167' title='bbox 1315 2255 1352 2316; x_wconf 83' lang='grc' dir='ltr'><strong><em>ιύς</em></strong></span> <span class='ocrx_word' id='word_1_168' title='bbox 1376 2255 1507 2332; x_wconf 78' lang='grc' dir='ltr'><em>γαμήσας</em></span> 
     </span>
     <span class='ocr_line' id='line_1_20' title="bbox 250 2341 1505 2416; baseline 0.005 -18"><span class='ocrx_word' id='word_1_169' title='bbox 250 2344 445 2416; x_wconf 79' lang='grc' dir='ltr'><strong><em>ὑποσχόμενος</em></strong></span> <span class='ocrx_word' id='word_1_170' title='bbox 469 2343 537 2398; x_wconf 77' lang='grc' dir='ltr'><strong><em>ἕδνα</em></strong></span> <span class='ocrx_word' id='word_1_171' title='bbox 561 2343 650 2399; x_wconf 80' lang='grc' dir='ltr'><strong><em>πολλὰ</em></strong></span> <span class='ocrx_word' id='word_1_172' title='bbox 678 2350 751 2401; x_wconf 85' lang='grc' dir='ltr'><strong><em>Δίαν</em></strong></span> <span class='ocrx_word' id='word_1_173' title='bbox 769 2345 818 2410; x_wconf 81' lang='grc' dir='ltr'><strong><em>τὴν</em></strong></span> <span class='ocrx_word' id='word_1_174' title='bbox 830 2341 961 2401; x_wconf 71' lang='grc' dir='ltr'><strong><em>Ἢιονὲως</em></strong></span> <span class='ocrx_word' id='word_1_175' title='bbox 977 2342 1075 2414; x_wconf 66' lang='grc' dir='ltr'><strong><em>γήμας,</em></strong></span> <span class='ocrx_word' id='word_1_176' title='bbox 1090 2347 1177 2396; x_wconf 65' lang='grc' dir='ltr'><strong><em>Δίαν</em></strong></span> <span class='ocrx_word' id='word_1_177' title='bbox 1194 2342 1244 2408; x_wconf 61' lang='grc' dir='ltr'>τὴν</span> <span class='ocrx_word' id='word_1_178' title='bbox 1265 2341 1396 2404; x_wconf 67' lang='grc' dir='ltr'><strong><em>Ἠιονὲως</em></strong></span> <span class='ocrx_word' id='word_1_179' title='bbox 1411 2354 1505 2416; x_wconf 77' lang='grc' dir='ltr'><strong><em>θυγα-</em></strong></span> 
     </span>
     <span class='ocr_line' id='line_1_21' title="bbox 254 2429 1506 2504; baseline 0.002 -18"><span class='ocrx_word' id='word_1_180' title='bbox 254 2431 353 2488; x_wconf 80' lang='grc' dir='ltr'><strong><em>ύώσειν</em></strong></span> <span class='ocrx_word' id='word_1_181' title='bbox 365 2429 483 2500; x_wconf 85' lang='grc' dir='ltr'><strong><em>Ἠιονεῑ,</em></strong></span> <span class='ocrx_word' id='word_1_182' title='bbox 502 2433 588 2504; x_wconf 75' lang='grc' dir='ltr'><strong><em>ἔγημε</em></strong></span> <span class='ocrx_word' id='word_1_183' title='bbox 603 2433 652 2502; x_wconf 85' lang='grc' dir='ltr'><strong><em>τὴν</em></strong></span> <span class='ocrx_word' id='word_1_184' title='bbox 1103 2435 1168 2502; x_wconf 80' lang='grc' dir='ltr'><strong><em>τέρα</em></strong></span> <span class='ocrx_word' id='word_1_185' title='bbox 1189 2430 1277 2484; x_wconf 79' lang='grc' dir='ltr'><strong><em>πολλὰ</em></strong></span> <span class='ocrx_word' id='word_1_186' title='bbox 1297 2432 1432 2502; x_wconf 75' lang='grc' dir='ltr'><strong><em>ὑπίσχετο</em></strong></span> <span class='ocrx_word' id='word_1_187' title='bbox 1451 2433 1506 2489; x_wconf 79' lang='lat' dir='ltr'>od·</span> 
     </span>
     <span class='ocr_line' id='line_1_22' title="bbox 251 2518 1503 2593; baseline 0.002 -18"><span class='ocrx_word' id='word_1_188' title='bbox 251 2519 378 2579; x_wconf 78' lang='grc' dir='ltr'><strong><em>Ἠιονίως</em></strong></span> <span class='ocrx_word' id='word_1_189' title='bbox 403 2526 546 2593; x_wconf 76' lang='grc' dir='ltr'><strong><em>θυγαιίρα</em></strong></span> <span class='ocrx_word' id='word_1_190' title='bbox 570 2527 653 2585; x_wconf 88' lang='grc' dir='ltr'><strong><em>Δίαν,</em></strong></span> <span class='ocrx_word' id='word_1_191' title='bbox 1104 2536 1162 2573; x_wconf 88' lang='grc' dir='ltr'><strong><em>σειν</em></strong></span> <span class='ocrx_word' id='word_1_192' title='bbox 1190 2522 1273 2592; x_wconf 80' lang='grc' dir='ltr'><strong><em>ύῶρα.</em></strong></span> <span class='ocrx_word' id='word_1_193' title='bbox 1314 2518 1448 2584; x_wconf 68' lang='grc' dir='ltr'><strong><em>ἐλθόντος</em></strong></span> <span class='ocrx_word' id='word_1_194' title='bbox 1473 2525 1503 2578; x_wconf 75' lang='lat' dir='ltr'>di</span> 
     </span>
     <span class='ocr_line' id='line_1_23' title="bbox 253 2597 1505 2690; baseline 0.005 -29"><span class='ocrx_word' id='word_1_195' title='bbox 253 2611 282 2670; x_wconf 73' lang='grc' dir='ltr'>ἐξ</span> <span class='ocrx_word' id='word_1_196' title='bbox 297 2597 328 2678; x_wconf 79' lang='grc' dir='ltr'>ἧς</span> <span class='ocrx_word' id='word_1_197' title='bbox 342 2612 472 2680; x_wconf 76' lang='grc' dir='ltr'><strong><em>ἐγέννησε</em></strong></span> <span class='ocrx_word' id='word_1_198' title='bbox 485 2617 652 2683; x_wconf 70' lang='grc' dir='ltr'><strong><em>Πειρίθουν</em></strong></span> <span class='ocrx_word' id='word_1_199' title='bbox 1103 2610 1149 2662; x_wconf 73' lang='grc' dir='ltr'>ἐπὶ</span> <span class='ocrx_word' id='word_1_200' title='bbox 1177 2615 1264 2662; x_wconf 78' lang='grc' dir='ltr'><strong><em>ταῦτα</em></strong></span> <span class='ocrx_word' id='word_1_201' title='bbox 1290 2613 1339 2662; x_wconf 80' lang='grc' dir='ltr'>τοῦ</span> <span class='ocrx_word' id='word_1_202' title='bbox 1366 2609 1505 2690; x_wconf 79' lang='grc' dir='ltr'><strong><em>Ἠιονέως,</em></strong></span> 
     </span>
     <span class='ocr_line' id='line_1_24' title="bbox 253 2695 1486 2772; baseline 0 -20"><span class='ocrx_word' id='word_1_203' title='bbox 253 2696 348 2753; x_wconf 71' lang='grc' dir='ltr'><strong><em>ἔπειθ’</em></strong></span> <span class='ocrx_word' id='word_1_204' title='bbox 377 2695 393 2752; x_wconf 83' lang='grc' dir='ltr'>ὁ</span> <span class='ocrx_word' id='word_1_205' title='bbox 417 2699 472 2772; x_wconf 76' lang='grc' dir='ltr'><strong><em>μὲν</em></strong></span> <span class='ocrx_word' id='word_1_206' title='bbox 493 2698 578 2763; x_wconf 81' lang='grc' dir='ltr'><strong><em>Ἰξίων</em></strong></span> <span class='ocrx_word' id='word_1_207' title='bbox 604 2699 654 2753; x_wconf 82' lang='grc' dir='ltr'><strong><em>οἰικ</em></strong></span> <span class='ocrx_word' id='word_1_208' title='bbox 1119 2699 1256 2767; x_wconf 76' lang='grc' dir='ltr'><strong><em>βέρεθρον</em></strong></span> <span class='ocrx_word' id='word_1_209' title='bbox 1287 2696 1405 2766; x_wconf 78' lang='grc' dir='ltr'><strong><em>ποιήσας</em></strong></span> <span class='ocrx_word' id='word_1_210' title='bbox 1439 2706 1486 2752; x_wconf 88' lang='grc' dir='ltr'><strong><em>καὶ</em></strong></span> 
     </span>
     <span class='ocr_line' id='line_1_25' title="bbox 251 2784 1485 2862; baseline 0.002 -23"><span class='ocrx_word' id='word_1_211' title='bbox 251 2784 382 2841; x_wconf 79' lang='grc' dir='ltr'><strong><em>α’πέδωκε</em></strong></span> <span class='ocrx_word' id='word_1_212' title='bbox 403 2787 437 2840; x_wconf 90' lang='grc' dir='ltr'>τὰ</span> <span class='ocrx_word' id='word_1_213' title='bbox 461 2787 529 2841; x_wconf 75' lang='grc' dir='ltr'><strong><em>ἕδνα</em></strong></span> <span class='ocrx_word' id='word_1_214' title='bbox 553 2791 585 2862; x_wconf 84' lang='grc' dir='ltr'>τῇ</span> <span class='ocrx_word' id='word_1_215' title='bbox 601 2807 653 2857; x_wconf 78' lang='grc' dir='ltr'>γυ·</span> <span class='ocrx_word' id='word_1_216' title='bbox 1120 2785 1316 2856; x_wconf 78' lang='grc' dir='ltr'><strong><em>πυρακτώσας,</em></strong></span> <span class='ocrx_word' id='word_1_217' title='bbox 1361 2787 1485 2852; x_wconf 77' lang='grc' dir='ltr'><strong><em>σκεπάζει</em></strong></span> 
     </span>
     <span class='ocr_line' id='line_1_26' title="bbox 252 2871 1505 2941; baseline 0.002 -13"><span class='ocrx_word' id='word_1_218' title='bbox 252 2881 335 2941; x_wconf 87' lang='grc' dir='ltr'><strong><em>νεικί,</em></strong></span> <span class='ocrx_word' id='word_1_219' title='bbox 359 2875 374 2928; x_wconf 87' lang='grc' dir='ltr'>ὁ</span> <span class='ocrx_word' id='word_1_220' title='bbox 400 2873 430 2929; x_wconf 78' lang='grc' dir='ltr'>δ’</span> <span class='ocrx_word' id='word_1_221' title='bbox 456 2873 581 2934; x_wconf 83' lang='grc' dir='ltr'><strong><em>Ἠιονεύς</em></strong></span> <span class='ocrx_word' id='word_1_222' title='bbox 605 2873 654 2936; x_wconf 81' lang='grc' dir='ltr'>τὰς</span> <span class='ocrx_word' id='word_1_223' title='bbox 1104 2871 1172 2927; x_wconf 83' lang='grc' dir='ltr'><strong><em>αὐτὸ</em></strong></span> <span class='ocrx_word' id='word_1_224' title='bbox 1203 2878 1312 2935; x_wconf 78' lang='grc' dir='ltr'><strong><em>λεπτοῖς</em></strong></span> <span class='ocrx_word' id='word_1_225' title='bbox 1339 2875 1430 2939; x_wconf 78' lang='grc' dir='ltr'><strong><em>ξύλοις</em></strong></span> <span class='ocrx_word' id='word_1_226' title='bbox 1457 2883 1505 2931; x_wconf 83' lang='grc' dir='ltr'><strong><em>καλ</em></strong></span> 
     </span>
     <span class='ocr_line' id='line_1_27' title="bbox 253 2951 1285 3038; baseline -0.004 -18"><span class='ocrx_word' id='word_1_227' title='bbox 253 2971 359 3027; x_wconf 80' lang='grc' dir='ltr'><strong><em>ἵππους</em></strong></span> <span class='ocrx_word' id='word_1_228' title='bbox 381 2962 444 3017; x_wconf 81' lang='grc' dir='ltr'><strong><em>ἀντὶ</em></strong></span> <span class='ocrx_word' id='word_1_229' title='bbox 458 2964 572 3019; x_wconf 76' lang='grc' dir='ltr'>Ιτούτων</span> <span class='ocrx_word' id='word_1_230' title='bbox 592 2962 653 3031; x_wconf 84' lang='grc' dir='ltr'><strong><em>ἠνε-</em></strong></span> <span class='ocrx_word' id='word_1_231' title='bbox 859 2951 862 2959; x_wconf 45' lang='grc'>’</span> <span class='ocrx_word' id='word_1_232' title='bbox 1102 2961 1177 3018; x_wconf 84' lang='grc' dir='ltr'><strong><em>κόνει</em></strong></span> <span class='ocrx_word' id='word_1_233' title='bbox 1194 2967 1285 3038; x_wconf 69' lang='grc' dir='ltr'><strong><em>λεπτῇ.</em></strong></span> 
     </span>
     <span class='ocr_line' id='line_1_28' title="bbox 249 3043 1076 3127; baseline -0.012 -21"><span class='ocrx_word' id='word_1_234' title='bbox 249 3053 381 3127; x_wconf 82' lang='grc' dir='ltr'><strong><em>χύρασεν.</em></strong></span> <span class='ocrx_word' id='word_1_235' title='bbox 407 3050 422 3107; x_wconf 88' lang='grc' dir='ltr'><strong><em>ό</em></strong></span> <span class='ocrx_word' id='word_1_236' title='bbox 444 3050 471 3104; x_wconf 76' lang='grc' dir='ltr'>δ’</span> <span class='ocrx_word' id='word_1_237' title='bbox 495 3047 580 3112; x_wconf 78' lang='grc' dir='ltr'><strong><em>Ἰξίων</em></strong></span> <span class='ocrx_word' id='word_1_238' title='bbox 603 3046 653 3101; x_wconf 89' lang='grc' dir='ltr'><strong><em>τὸν</em></strong></span> <span class='ocrx_word' id='word_1_239' title='bbox 680 3044 779 3103; x_wconf 80' lang='grc' dir='ltr'><strong><em>ἑλόντα</em></strong></span> <span class='ocrx_word' id='word_1_240' title='bbox 806 3044 853 3101; x_wconf 85' lang='grc' dir='ltr'><strong><em>τὸν</em></strong></span> <span class='ocrx_word' id='word_1_241' title='bbox 881 3043 1014 3113; x_wconf 72' lang='grc' dir='ltr'><strong><em>κηύεστύν</em></strong></span> <span class='ocrx_word' id='word_1_242' title='bbox 1030 3047 1076 3100; x_wconf 74' lang='grc' dir='ltr'>ἐπὶ</span> 
     </span>
    </p>

    <p class='ocr_par' dir='ltr' id='par_1_8' title="bbox 285 3141 617 3211">
     <span class='ocr_line' id='line_1_29' title="bbox 285 3141 617 3211; baseline -0.024 -13"><span class='ocrx_word' id='word_1_243' title='bbox 285 3141 396 3198; x_wconf 78' lang='grc' dir='ltr'><strong><em>Ἠιονέα</em></strong></span> <span class='ocrx_word' id='word_1_244' title='bbox 419 3142 617 3211; x_wconf 77' lang='grc' dir='ltr'><strong><em>μετεπέμψατο</em></strong></span> 
     </span>
    </p>
   </div>
   <div class='ocr_carea' id='block_1_4' title="bbox 249 3224 1506 3656">
    <p class='ocr_par' dir='ltr' id='par_1_9' title="bbox 271 3224 699 3303">
     <span class='ocr_line' id='line_1_30' title="bbox 271 3224 699 3303; baseline -0.023 -16"><span class='ocrx_word' id='word_1_245' title='bbox 271 3224 510 3303; x_wconf 76' lang='grc' dir='ltr'><strong><em>ἐπαγγελλόμενος</em></strong></span> <span class='ocrx_word' id='word_1_246' title='bbox 541 3225 635 3280; x_wconf 82' lang='grc' dir='ltr'><strong><em>πάντα</em></strong></span> <span class='ocrx_word' id='word_1_247' title='bbox 696 3287 699 3292; x_wconf 31' lang='grc' dir='ltr'>Ι</span> 
     </span>
    </p>

    <p class='ocr_par' dir='ltr' id='par_1_10' title="bbox 249 3305 1506 3475">
     <span class='ocr_line' id='line_1_31' title="bbox 256 3305 1506 3389; baseline -0.019 -14"><span class='ocrx_word' id='word_1_248' title='bbox 256 3316 476 3384; x_wconf 79' lang='grc' dir='ltr'><strong><em>ὑπακούσεσθαι,</em></strong></span> <span class='ocrx_word' id='word_1_249' title='bbox 517 3318 563 3368; x_wconf 80' lang='grc' dir='ltr'><strong><em>καὶ</em></strong></span> <span class='ocrx_word' id='word_1_250' title='bbox 602 3316 652 3370; x_wconf 88' lang='grc' dir='ltr'><strong><em>τὸν</em></strong></span> <span class='ocrx_word' id='word_1_251' title='bbox 678 3312 711 3368; x_wconf 77' lang='lat' dir='ltr'>toi</span> <span class='ocrx_word' id='word_1_252' title='bbox 723 3311 791 3368; x_wconf 65' lang='lat' dir='ltr'>torva</span> <span class='ocrx_word' id='word_1_253' title='bbox 805 3306 879 3379; x_wconf 73' lang='grc' dir='ltr'><strong><em>δόλῳ</em></strong></span> <span class='ocrx_word' id='word_1_254' title='bbox 890 3305 1077 3383; x_wconf 84' lang='grc' dir='ltr'><strong><em>καταπρήσας,</em></strong></span> <span class='ocrx_word' id='word_1_255' title='bbox 1103 3317 1233 3389; x_wconf 55' lang='grc' dir='ltr'><strong><em>ἐμπεσών</em></strong></span> <span class='ocrx_word' id='word_1_256' title='bbox 1268 3320 1299 3373; x_wconf 63' lang='lat' dir='ltr'>,yg</span> <span class='ocrx_word' id='word_1_257' title='bbox 1334 3317 1349 3371; x_wconf 69' lang='grc' dir='ltr'>ὁ</span> <span class='ocrx_word' id='word_1_258' title='bbox 1378 3321 1506 3383; x_wconf 55' lang='grc' dir='ltr'><strong><em>Ἠιονεὺς</em></strong></span> 
     </span>
     <span class='ocr_line' id='line_1_32' title="bbox 249 3400 1263 3475; baseline -0.018 -11"><span class='ocrx_word' id='word_1_259' title='bbox 249 3409 361 3464; x_wconf 75' lang='grc' dir='ltr'><strong><em>Ἠιονέα</em></strong></span> <span class='ocrx_word' id='word_1_260' title='bbox 419 3400 652 3475; x_wconf 80' lang='grc' dir='ltr'><strong><em>παραγενόμενον</em></strong></span> <span class='ocrx_word' id='word_1_261' title='bbox 1103 3403 1263 3461; x_wconf 53' lang='lat' dir='ltr'>Mum</span> 
     </span>
    </p>

    <p class='ocr_par' dir='ltr' id='par_1_11' title="bbox 252 3491 711 3565">
     <span class='ocr_line' id='line_1_33' title="bbox 252 3491 711 3565; baseline -0.017 -14"><span class='ocrx_word' id='word_1_262' title='bbox 252 3497 352 3564; x_wconf 73' lang='grc' dir='ltr'><strong><em>ἔβαλεν</em></strong></span> <span class='ocrx_word' id='word_1_263' title='bbox 376 3500 415 3553; x_wconf 74' lang='grc' dir='ltr'><strong><em>εἰς</em></strong></span> <span class='ocrx_word' id='word_1_264' title='bbox 438 3492 544 3562; x_wconf 74' lang='grc' dir='ltr'><strong><em>βόθρον</em></strong></span> <span class='ocrx_word' id='word_1_265' title='bbox 564 3491 653 3565; x_wconf 85' lang='grc' dir='ltr'><strong><em>πυρὸς</em></strong></span> <span class='ocrx_word' id='word_1_266' title='bbox 709 3527 711 3532; x_wconf 86' lang='lat'>.</span> 
     </span>
    </p>

    <p class='ocr_par' dir='ltr' id='par_1_12' title="bbox 249 3579 363 3656">
     <span class='ocr_line' id='line_1_34' title="bbox 249 3579 363 3656; baseline 0 -17"><span class='ocrx_word' id='word_1_267' title='bbox 249 3579 363 3656; x_wconf 81' lang='grc' dir='ltr'><strong><em>μεστόν.</em></strong></span> 
     </span>
    </p>
   </div>
   <div class='ocr_carea' id='block_1_5' title="bbox 1100 3654 1506 4158">
    <p class='ocr_par' dir='ltr' id='par_1_13' title="bbox 1100 3654 1506 4158">
     <span class='ocr_line' id='line_1_35' title="bbox 1165 3654 1502 3720; baseline 0.006 -16"><span class='ocrx_word' id='word_1_268' title='bbox 1165 3654 1185 3720; x_wconf 89' lang='lat'>¹)</span> <span class='ocrx_word' id='word_1_269' title='bbox 1226 3656 1326 3705; x_wconf 92' lang='lat' dir='ltr'>Pindari</span> <span class='ocrx_word' id='word_1_270' title='bbox 1367 3656 1502 3718; x_wconf 86' lang='lat' dir='ltr'>schoIIum,</span> 
     </span>
     <span class='ocr_line' id='line_1_36' title="bbox 1104 3743 1506 3810; baseline 0.007 -19"><span class='ocrx_word' id='word_1_271' title='bbox 1104 3743 1173 3808; x_wconf 91' lang='lat' dir='ltr'>quod</span> <span class='ocrx_word' id='word_1_272' title='bbox 1198 3745 1331 3809; x_wconf 88' lang='lat' dir='ltr'>adscripsi,</span> <span class='ocrx_word' id='word_1_273' title='bbox 1358 3761 1506 3810; x_wconf 89' lang='lat' dir='ltr'>comparan-</span> 
     </span>
     <span class='ocr_line' id='line_1_37' title="bbox 1103 3832 1506 3898; baseline 0.005 -18"><span class='ocrx_word' id='word_1_274' title='bbox 1103 3841 1140 3880; x_wconf 85' lang='lat' dir='ltr'>tes</span> <span class='ocrx_word' id='word_1_275' title='bbox 1159 3832 1300 3897; x_wconf 84' lang='lat' dir='ltr'>Wesselmg</span> <span class='ocrx_word' id='word_1_276' title='bbox 1329 3834 1403 3898; x_wconf 90' lang='lat' dir='ltr'>plura</span> <span class='ocrx_word' id='word_1_277' title='bbox 1429 3833 1506 3882; x_wconf 89' lang='lat' dir='ltr'>verba</span> 
     </span>
     <span class='ocr_line' id='line_1_38' title="bbox 1103 3920 1503 3985; baseline 0.01 -18"><span class='ocrx_word' id='word_1_278' title='bbox 1103 3920 1272 3985; x_wconf 86' lang='lat' dir='ltr'>interpolavit,</span> <span class='ocrx_word' id='word_1_279' title='bbox 1294 3923 1418 3972; x_wconf 87' lang='lat' dir='ltr'>Henricus</span> <span class='ocrx_word' id='word_1_280' title='bbox 1436 3923 1503 3983; x_wconf 85' lang='lat' dir='ltr'>Keil,</span> 
     </span>
     <span class='ocr_line' id='line_1_39' title="bbox 1102 4009 1504 4060; baseline 0.012 -5"><span class='ocrx_word' id='word_1_281' title='bbox 1102 4009 1218 4058; x_wconf 87' lang='lat' dir='ltr'>lacunam</span> <span class='ocrx_word' id='word_1_282' title='bbox 1271 4010 1392 4060; x_wconf 87' lang='lat' dir='ltr'>indicavit</span> <span class='ocrx_word' id='word_1_283' title='bbox 1445 4019 1504 4060; x_wconf 85' lang='lat' dir='ltr'>ante</span> 
     </span>
     <span class='ocr_line' id='line_1_40' title="bbox 1100 4090 1246 4158; baseline 0.027 -14"><span class='ocrx_word' id='word_1_284' title='bbox 1100 4090 1246 4158; x_wconf 81' lang='grc' dir='ltr'><strong><em>Ἀντίονος.</em></strong></span> 
     </span>
    </p>
   </div>
   <div class='ocr_carea' id='block_1_6' title="bbox 248 4169 457 4180">
    <p class='ocr_par' dir='ltr' id='par_1_14' title="bbox 248 4169 457 4180">
     <span class='ocr_line' id='line_1_41' title="bbox 248 4169 457 4180; baseline 0.005 -1"><span class='ocrx_word' id='word_1_285' title='bbox 248 4169 457 4180; x_wconf 72' lang='lat'><em>——-—-.</em></span> 
     </span>
    </p>
   </div>
   <div class='ocr_carea' id='block_1_7' title="bbox 248 4243 1503 4415">
    <p class='ocr_par' dir='ltr' id='par_1_15' title="bbox 248 4243 1503 4415">
     <span class='ocr_line' id='line_1_42' title="bbox 333 4243 1501 4319; baseline -0.002 -16"><span class='ocrx_word' id='word_1_286' title='bbox 333 4251 369 4319; x_wconf 75' lang='lat'>⁶⁵)</span> <span class='ocrx_word' id='word_1_287' title='bbox 394 4253 485 4318; x_wconf 87' lang='lat' dir='ltr'>Scripsi</span> <span class='ocrx_word' id='word_1_288' title='bbox 509 4259 534 4301; x_wconf 91' lang='lat' dir='ltr'>et</span> <span class='ocrx_word' id='word_1_289' title='bbox 557 4251 663 4300; x_wconf 86' lang='lat' dir='ltr'>scribam</span> <span class='ocrx_word' id='word_1_290' title='bbox 685 4243 824 4308; x_wconf 75' lang='lat' dir='ltr'>&#39;Htovau‘cs</span> <span class='ocrx_word' id='word_1_291' title='bbox 851 4249 886 4298; x_wconf 89' lang='lat' dir='ltr'>ita</span> <span class='ocrx_word' id='word_1_292' title='bbox 910 4248 978 4298; x_wconf 86' lang='lat' dir='ltr'>enim</span> <span class='ocrx_word' id='word_1_293' title='bbox 1003 4264 1095 4298; x_wconf 89' lang='lat' dir='ltr'>nomen</span> <span class='ocrx_word' id='word_1_294' title='bbox 1118 4251 1220 4301; x_wconf 89' lang='lat' dir='ltr'>exhibet</span> <span class='ocrx_word' id='word_1_295' title='bbox 1243 4253 1356 4302; x_wconf 88' lang='lat' dir='ltr'>Venetus</span> <span class='ocrx_word' id='word_1_296' title='bbox 1380 4251 1413 4301; x_wconf 89' lang='lat' dir='ltr'>A.</span> <span class='ocrx_word' id='word_1_297' title='bbox 1440 4251 1457 4302; x_wconf 88' lang='lat'>1.</span> <span class='ocrx_word' id='word_1_298' title='bbox 1483 4251 1501 4301; x_wconf 89' lang='lat' dir='ltr'>l.</span> 
     </span>
     <span class='ocr_line' id='line_1_43' title="bbox 248 4337 1503 4415; baseline -0.003 -23"><span class='ocrx_word' id='word_1_299' title='bbox 248 4343 328 4392; x_wconf 85' lang='lat' dir='ltr'>codex</span> <span class='ocrx_word' id='word_1_300' title='bbox 340 4341 522 4390; x_wconf 80' lang='lat' dir='ltr'>Laurentianus</span> <span class='ocrx_word' id='word_1_301' title='bbox 534 4338 646 4388; x_wconf 88' lang='lat' dir='ltr'>XXXII.</span> <span class='ocrx_word' id='word_1_302' title='bbox 659 4351 687 4400; x_wconf 89' lang='lat'>9,</span> <span class='ocrx_word' id='word_1_303' title='bbox 708 4337 836 4415; x_wconf 87' lang='lat' dir='ltr'>Euripidis</span> <span class='ocrx_word' id='word_1_304' title='bbox 855 4337 929 4388; x_wconf 92' lang='lat' dir='ltr'>codd.</span> <span class='ocrx_word' id='word_1_305' title='bbox 941 4337 1037 4386; x_wconf 90' lang='lat' dir='ltr'>ACM.</span> <span class='ocrx_word' id='word_1_306' title='bbox 1075 4339 1105 4386; x_wconf 94' lang='lat' dir='ltr'>In</span> <span class='ocrx_word' id='word_1_307' title='bbox 1123 4339 1220 4389; x_wconf 92' lang='lat' dir='ltr'>scholio</span> <span class='ocrx_word' id='word_1_308' title='bbox 1245 4341 1377 4389; x_wconf 90' lang='lat' dir='ltr'>Pindarico</span> <span class='ocrx_word' id='word_1_309' title='bbox 1396 4339 1503 4389; x_wconf 90' lang='lat' dir='ltr'>Bocckh</span> 
     </span>
    </p>
   </div>
   <div class='ocr_carea' id='block_1_8' title="bbox 0 0 1724 5028">
    <p class='ocr_par' dir='ltr' id='par_1_16' title="bbox 0 0 1724 5028">
     <span class='ocr_line' id='line_1_44' title="bbox 0 0 1724 5028; baseline 0 4"><span class='ocrx_word' id='word_1_310' title='bbox 0 0 1724 5028; x_wconf 95' lang='lat' dir='ltr'> </span> 
     </span>
    </p>
   </div>
  </div>
 </body>
</html>
