3438 5028
786 375 999 454 „87-

259 545 387 608 scholiis
410 543 646 626 Apollonianis,
672 543 887 626 Apollodoro
912 543 1044 623 Hygino
1068 543 1246 610 consentire
1269 541 1414 606 vidimus.
1453 540 1515 603 De-

260 652 503 713 monstrandum
526 649 610 711 enim
633 649 725 711 nobis
748 658 805 722 est,
830 651 969 730 primurn
987 646 1183 728 Apollodori
1216 656 1247 708 et
1268 647 1389 726 Hygini
1411 647 1534 728 Argo-¹

260 757 386 818 nautica
408 778 451 818 ex
470 757 585 816 eodem
610 753 698 816 sonte
721 775 878 832 manasse,
901 753 985 816 unde
1008 752 1170 814 Diodorus
1193 751 1262 813 illas
1291 753 1515 813 adnotationes

166 891 167 895 ¹
258 862 412 942 sumpsit,
448 869 516 922 tum
550 881 627 922 vero
658 862 876 942 quaerendum
910 868 974 934 est,
1010 878 1093 938 quae
1124 857 1203 918 ratio
1227 857 1403 919 intercedat
1435 858 1516 918 inter

259 965 380 1028 scholia
421 965 639 1046 Apolloniana
676 976 773 1046 atque
807 965 1006 1036 Diodorum,
1041 962 1301 1044 Apollodorum,
1336 964 1514 1045 Hyginum,

259 1073 395 1151 denique
419 1069 674 1148 confirmandum
697 1080 754 1143 est,
779 1071 958 1132 Diodorum
982 1089 1028 1144 ea,
1052 1087 1135 1148 quae
1159 1069 1198 1128 de
1221 1067 1419 1148 Argonautis
1441 1071 1515 1130 Dio·

259 1177 331 1256 nysi
365 1177 555 1238 commentis
578 1176 745 1256 adspersit,
770 1161 813 1236 ei<
834 1177 950 1238 eodem
973 1173 1165 1256 compendio
1193 1171 1342 1235 sabularis
1364 1174 1515 1236 historiae

258 1282 417 1355 hausisse,
450 1303 515 1362 quo
546 1282 733 1362 saepissime
755 1301 829 1342 eum
851 1282 891 1342 ad
922 1279 1045 1344 sabulas
1069 1300 1201 1360 graecas
1225 1282 1398 1342 narrandas
1422 1301 1514 1342 usum

257 1407 327 1449 esse
350 1387 528 1449 statuimus.

344 1512 389 1574 Ut
412 1521 520 1574 autem
551 1511 593 1572 ad
615 1513 753 1591 primum
781 1512 988 1585 accedamus,
1017 1511 1100 1572 unde
1123 1508 1317 1589 Apollodori
1340 1520 1372 1571 et
1395 1510 1514 1588 Hygini

258 1617 482 1698 Argonautica
503 1617 604 1696 petita
633 1617 710 1688 sint,
742 1625 889 1677 constare
912 1617 1036 1678 videtur
1057 1616 1138 1676 inter
1160 1616 1245 1676 viros
1268 1616 1398 1689 doctOS,
1430 1627 1514 1696 post-

259 1743 356 1801 quam
381 1721 515 1784 Carolus
538 1721 662 1784 Robert
685 1731 717 1782 et
740 1721 908 1784 Eduardus
930 1720 1093 1782 Schwartz
1116 1721 1192 1782 data
1214 1741 1312 1800 opera
1335 1721 1374 1782 de
1398 1720 1458 1782 hac
1482 1741 1515 1782 re

259 1829 484 1890 disseruerunt.
520 1824 584 1887 Sed
608 1828 759 1905 quoniam
782 1847 856 1888 cum
878 1827 952 1888 viris
973 1825 1032 1888 illis
1055 1825 1223 1905 sagacibus
1246 1825 1426 1886 consentire
1449 1845 1513 1886 non

260 1953 392 2012 possum
416 1933 529 1993 iterum
553 1951 612 1992 nos
635 1934 771 1992 eandem
794 1953 860 1992 rem
885 1940 1058 1993 tractemus
1080 1949 1211 1992 necesse
1232 1939 1290 1991 est.

345 2056 548 2136 Apollodori,
562 2057 616 2134 qui
629 2057 749 2131 dicitur,
760 2059 972 2118 narrationem
985 2057 1025 2117 de
1034 2055 1296 2138 Argonautarum
1308 2056 1514 2136 expeditione

258 2181 330 2222 esse
359 2181 447 2234 earn,
480 2180 577 2241 quam
602 2160 794 2242 Apollonius
816 2161 963 2224 Rhodius
991 2161 1131 2222 carmine
1152 2181 1212 2222 suo
1234 2163 1428 2241 praeiverat,
1458 2181 1514 2222 eos

257 2264 608 2328 autembibliothecae
632 2265 737 2341 locos,
769 2268 821 2348 qui
845 2267 886 2328 ab
914 2266 1091 2347 Apollonio
1114 2257 1283 2339 distarent,
1308 2267 1450 2328 maxima
1472 2288 1514 2328 ex

258 2380 349 2450 parte
373 2371 403 2430 in
425 2370 553 2431 scholiis
570 2371 725 2451 Apolloni
754 2372 891 2452 reperiri,
916 2373 979 2432 iam
995 2369 1130 2432 Carolus
1145 2371 1333 2452 Robert¹⁰⁷)
1357 2372 1512 2447 ostendit;
1535 2435 1539 2442 ,

257 2477 366 2555 itaque
397 2476 552 2536 conclusit
575 2497 605 2556 p.
631 2477 671 2536 82
695 2485 727 2537 et
749 2487 843 2538 caute
865 2479 1011 2556 quidem:
1046 2477 1302 2557 »Apollodorum
1333 2486 1387 2539 aut
1409 2478 1513 2556 ipsum

257 2561 428 2659 Sophoclis
451 2563 716 2642 commentarium
740 2591 795 2643 aut
817 2583 913 2643 alium
937 2581 1051 2642 librum
1067 2582 1174 2642 nescio
1199 2599 1295 2659 quem
1312 2584 1512 2662 cognovisse,

257 2685 344 2745 cuius
368 2694 480 2746 auctor
502 2683 674 2765 Sophoclis
703 2689 816 2749 scrinia
845 2685 1096 2767 compilaverit«.
1143 2687 1307 2748 Audacius
1329 2707 1407 2748 vero
1430 2688 1512 2748 Edu-

257 2789 352 2849 ardus
375 2788 538 2851 Schwartz
561 2789 700 2864 asfirrnat
723 2814 753 2873 p.
784 2793 829 2865 16,
857 2793 1027 2871 »quoniam
1049 2793 1100 2853 vel
1123 2813 1166 2854 ex
1189 2791 1392 2871 neglegentia
1416 2803 1513 2872 atque

256 2893 374 2955 incuria
396 2915 461 2956 non
484 2915 558 2956 eum
581 2895 677 2958 luisse
700 2898 914 2958 bibliothecae
936 2906 1100 2959 auctorem
1124 2900 1284 2986 adpareat,
1309 2897 1362 2975 qui
1386 2905 1513 2976 praeter

256 2998 412 3077 Apolloni
445 2999 667 3080 Argonautica
694 3003 931 3076 commentariis
955 3004 1107 3065 instructa
1127 3004 1223 3063 etiarn
1246 3002 1341 3074 alioS,
1366 3011 1400 3062 ut
1424 3001 1510 3062 labu-

257 3102 303 3162 las
327 3101 507 3182 colligeret,
532 3105 703 3184 scriptores
726 3108 938 3187 perquireret,
970 3127 1192 3187 quaecumque
1214 3106 1256 3194 ab
1279 3125 1318 3167 eo
1342 3106 1381 3165 de
1404 3105 1512 3186 Argo-

257 3216 425 3268 nautarum
448 3209 653 3288 expeditione
677 3212 851 3271 memoriae
879 3214 1045 3272 tradantur
1068 3231 1171 3291 neque
1194 3211 1236 3270 ab
1260 3210 1415 3289 Apolloni
1448 3229 1511 3270 car-

256 3311 341 3372 mine
364 3313 534 3390 pendeant,
560 3315 601 3374 ad
628 3313 922 3394 Argonauticorum
946 3315 1211 3378 commentarium
1234 3315 1392 3394 pertinere
1415 3324 1512 3395 atque

257 3435 331 3476 eum
360 3417 506 3494 quidem,
538 3437 603 3496 quo
634 3419 731 3482 etiam
761 3419 934 3481 scholiasta
964 3421 1082 3482 codicis
1104 3420 1308 3481 Laurentiani
1338 3408 1413 3480 usus
1442 3421 1509 3481 sit«

256 3521 325 3582 Iam
347 3521 464 3600 pedem
487 3523 636 3583 sistamus
656 3534 689 3585 et
712 3526 789 3604 quid
803 3547 845 3586 ex
862 3526 915 3596 εἰς,
940 3543 1023 3602 quae
1037 3523 1207 3586 Eduardus
1222 3523 1385 3585 Schwartz
1406 3533 1512 3585 osten-

257 3625 318 3696 dit,
348 3634 515 3706 sequatur,
546 3627 791 3706 perpendamus.
838 3628 1061 3708 Apollodorus
1091 3639 1123 3691 et
1149 3629 1307 3708 Hyginus,
1339 3637 1512 3708 postquam

258 3730 466 3810 Argonautas
495 3732 632 3794 victores
661 3732 794 3793 domum
818 3733 948 3794 rediisse
970 3733 1183 3806 tradiderunt,
1215 3735 1350 3795 Medeae
1373 3733 1513 3795 facinora

257 3844 369 3896 contra
391 3835 527 3909 Peliam,
559 3833 729 3908 Creusam,
754 3835 918 3898 Theseum
940 3838 1112 3900 commissa
1135 3847 1232 3918 atque
1256 3840 1322 3900 eius
1345 3839 1375 3898 in
1399 3838 1512 3898 Asiam

258 3940 392 4000 reditum
416 3947 553 3999 narrant.
588 3938 704 4017 Neque
726 3941 817 4000 aliter
839 3963 906 4002 rem
922 3944 1071 4004 tractavit
1084 3940 1247 4002 Diodorus
1263 3941 1313 4004 vel
1327 3942 1511 4020 Dionysius,

257 4064 300 4104 ex
322 4062 387 4121 quo
411 4042 596 4103 historicum
625 4039 768 4104 Siculum
796 4045 1059 4122 Argonautarum
1089 4044 1213 4105 fabulas
1248 4046 1337 4107 »inde
1360 4067 1379 4106 a
1408 4047 1512 4106 Peliae

344 4329 391 4397 1⁰7)
412 4335 443 4380 de
461 4331 613 4397 Apollodori
631 4331 786 4380 bibliotheca
806 4333 904 4382 dissert.
942 4333 1025 4383 Berol.
1047 4334 1119 4398 1873.
