<?xml version="1.0" encoding="UTF-8"?>
<!DOCTYPE html PUBLIC "-//W3C//DTD XHTML 1.0 Transitional//EN"
    "http://www.w3.org/TR/xhtml1/DTD/xhtml1-transitional.dtd">
<html xmlns="http://www.w3.org/1999/xhtml" xml:lang="en" lang="en">
 <head>
  <title>
</title>
<meta http-equiv="Content-Type" content="text/html;charset=utf-8" />
  <meta name='ocr-system' content='tesseract 3.04.00' />
  <meta name='ocr-capabilities' content='ocr_page ocr_carea ocr_par ocr_line ocrx_word'/>
</head>
<body>
  <div class='ocr_page' id='page_1' title='image "./quaestionesdiod01bethgoog_0016.png"; bbox 0 0 3480 5030; ppageno 0'>
   <div class='ocr_carea' id='block_1_1' title="bbox 780 509 989 552">
    <p class='ocr_par' dir='ltr' id='par_1_1' title="bbox 780 509 989 552">
     <span class='ocr_line' id='line_1_1' title="bbox 780 509 989 552; baseline 0.005 -14"><span class='ocrx_word' id='word_1_1' title='bbox 780 509 989 552; x_wconf 77' lang='lat'>-11-</span> 
     </span>
    </p>
   </div>
   <div class='ocr_carea' id='block_1_2' title="bbox 257 659 1522 3476">
    <p class='ocr_par' dir='ltr' id='par_1_2' title="bbox 257 659 1518 2000">
     <span class='ocr_line' id='line_1_2' title="bbox 257 659 1511 742; baseline 0.002 -22"><span class='ocrx_word' id='word_1_2' title='bbox 257 669 388 721; x_wconf 87' lang='lat' dir='ltr'>nactum</span> <span class='ocrx_word' id='word_1_3' title='bbox 418 661 582 722; x_wconf 89' lang='lat' dir='ltr'>doctrinae</span> <span class='ocrx_word' id='word_1_4' title='bbox 612 661 845 737; x_wconf 88' lang='lat' dir='ltr'>ostendendae,</span> <span class='ocrx_word' id='word_1_5' title='bbox 882 662 1035 723; x_wconf 86' lang='lat' dir='ltr'>adnexuit</span> <span class='ocrx_word' id='word_1_6' title='bbox 1065 662 1151 741; x_wconf 88' lang='lat' dir='ltr'>quod</span> <span class='ocrx_word' id='word_1_7' title='bbox 1181 662 1267 742; x_wconf 88' lang='lat' dir='ltr'>apud</span> <span class='ocrx_word' id='word_1_8' title='bbox 1290 659 1511 723; x_wconf 70' lang='lat' dir='ltr'>Artemonem</span> 
     </span>
     <span class='ocr_line' id='line_1_3' title="bbox 257 763 1516 846; baseline 0.002 -21"><span class='ocrx_word' id='word_1_9' title='bbox 257 763 380 844; x_wconf 85' lang='lat' dir='ltr'>legerat</span> <span class='ocrx_word' id='word_1_10' title='bbox 410 765 450 826; x_wconf 91' lang='lat' dir='ltr'>de</span> <span class='ocrx_word' id='word_1_11' title='bbox 481 765 567 827; x_wconf 91' lang='lat' dir='ltr'>libris</span> <span class='ocrx_word' id='word_1_12' title='bbox 593 765 724 828; x_wconf 87' lang='lat' dir='ltr'>Xantho</span> <span class='ocrx_word' id='word_1_13' title='bbox 757 787 776 829; x_wconf 90' lang='lat' dir='ltr'>a</span> <span class='ocrx_word' id='word_1_14' title='bbox 807 767 964 845; x_wconf 92' lang='lat' dir='ltr'>Dionysio</span> <span class='ocrx_word' id='word_1_15' title='bbox 992 765 1134 828; x_wconf 78' lang='lat' dir='ltr'>subditis</span> <span class='ocrx_word' id='word_1_16' title='bbox 1181 766 1245 828; x_wconf 86' lang='lat' dir='ltr'>Sed</span> <span class='ocrx_word' id='word_1_17' title='bbox 1275 786 1335 846; x_wconf 93' lang='lat' dir='ltr'>pro</span> <span class='ocrx_word' id='word_1_18' title='bbox 1364 774 1452 828; x_wconf 90' lang='lat' dir='ltr'>certo</span> <span class='ocrx_word' id='word_1_19' title='bbox 1481 776 1516 828; x_wconf 90' lang='lat' dir='ltr'>et</span> 
     </span>
     <span class='ocr_line' id='line_1_4' title="bbox 258 869 1515 950; baseline 0.002 -19"><span class='ocrx_word' id='word_1_20' title='bbox 258 869 430 950; x_wconf 88' lang='lat' dir='ltr'>explorato</span> <span class='ocrx_word' id='word_1_21' title='bbox 467 871 596 932; x_wconf 90' lang='lat' dir='ltr'>minime</span> <span class='ocrx_word' id='word_1_22' title='bbox 627 869 817 934; x_wconf 72' lang='lat' dir='ltr'>&#39;habendum</span> <span class='ocrx_word' id='word_1_23' title='bbox 854 881 918 947; x_wconf 90' lang='lat' dir='ltr'>est,</span> <span class='ocrx_word' id='word_1_24' title='bbox 957 872 1164 934; x_wconf 88' lang='lat' dir='ltr'>Athenaeum</span> <span class='ocrx_word' id='word_1_25' title='bbox 1199 872 1240 932; x_wconf 93' lang='lat' dir='ltr'>de</span> <span class='ocrx_word' id='word_1_26' title='bbox 1278 871 1394 932; x_wconf 90' lang='lat' dir='ltr'>eodem</span> <span class='ocrx_word' id='word_1_27' title='bbox 1431 870 1515 934; x_wconf 91' lang='lat' dir='ltr'>libro</span> 
     </span>
     <span class='ocr_line' id='line_1_5' title="bbox 258 975 1512 1054; baseline 0.002 -19"><span class='ocrx_word' id='word_1_28' title='bbox 258 975 379 1049; x_wconf 87' lang='lat' dir='ltr'>dicere,</span> <span class='ocrx_word' id='word_1_29' title='bbox 418 976 458 1034; x_wconf 88' lang='lat' dir='ltr'>de</span> <span class='ocrx_word' id='word_1_30' title='bbox 494 995 559 1054; x_wconf 91' lang='lat' dir='ltr'>quo</span> <span class='ocrx_word' id='word_1_31' title='bbox 596 975 757 1039; x_wconf 87' lang='lat' dir='ltr'>Artemon</span> <span class='ocrx_word' id='word_1_32' title='bbox 795 977 951 1038; x_wconf 87' lang='lat' dir='ltr'>disseruit.</span> <span class='ocrx_word' id='word_1_33' title='bbox 1004 977 1077 1039; x_wconf 91' lang='lat' dir='ltr'>Hoc</span> <span class='ocrx_word' id='word_1_34' title='bbox 1112 984 1180 1038; x_wconf 89' lang='lat' dir='ltr'>erat</span> <span class='ocrx_word' id='word_1_35' title='bbox 1217 976 1512 1038; x_wconf 89' lang='lat' dir='ltr'>demonstrandum.</span> 
     </span>
     <span class='ocr_line' id='line_1_6' title="bbox 258 1079 1514 1161; baseline 0.002 -21"><span class='ocrx_word' id='word_1_36' title='bbox 258 1080 342 1141; x_wconf 90' lang='lat' dir='ltr'>Nam</span> <span class='ocrx_word' id='word_1_37' title='bbox 373 1080 506 1160; x_wconf 89' lang='lat' dir='ltr'>cogitari</span> <span class='ocrx_word' id='word_1_38' title='bbox 535 1088 622 1142; x_wconf 92' lang='lat' dir='ltr'>certe</span> <span class='ocrx_word' id='word_1_39' title='bbox 652 1083 749 1143; x_wconf 88' lang='lat' dir='ltr'>etiam</span> <span class='ocrx_word' id='word_1_40' title='bbox 778 1081 841 1143; x_wconf 93' lang='lat' dir='ltr'>hoc</span> <span class='ocrx_word' id='word_1_41' title='bbox 871 1089 988 1161; x_wconf 90' lang='lat' dir='ltr'>potest,</span> <span class='ocrx_word' id='word_1_42' title='bbox 1013 1079 1324 1161; x_wconf 89' lang='lat' dir='ltr'>Scytobrachionem</span> <span class='ocrx_word' id='word_1_43' title='bbox 1349 1079 1514 1143; x_wconf 89' lang='lat' dir='ltr'>historiun-</span> 
     </span>
     <span class='ocr_line' id='line_1_7' title="bbox 259 1175 1515 1266; baseline 0 -21"><span class='ocrx_word' id='word_1_44' title='bbox 259 1185 346 1246; x_wconf 87' lang='lat' dir='ltr'>culas</span> <span class='ocrx_word' id='word_1_45' title='bbox 360 1184 497 1265; x_wconf 82' lang='lat' dir='ltr'>.Lydias</span> <span class='ocrx_word' id='word_1_46' title='bbox 533 1185 696 1266; x_wconf 89' lang='lat' dir='ltr'>scripsisse</span> <span class='ocrx_word' id='word_1_47' title='bbox 733 1186 888 1265; x_wconf 88' lang='lat' dir='ltr'>(fortasse</span> <span class='ocrx_word' id='word_1_48' title='bbox 930 1185 984 1246; x_wconf 77' lang='grc' dir='ltr'>»τὰ</span> <span class='ocrx_word' id='word_1_49' title='bbox 1021 1185 1100 1245; x_wconf 84' lang='grc' dir='ltr'><strong>κατὰ</strong></span> <span class='ocrx_word' id='word_1_50' title='bbox 1135 1185 1188 1245; x_wconf 84' lang='grc' dir='ltr'>τὸν</span> <span class='ocrx_word' id='word_1_51' title='bbox 1213 1175 1344 1246; x_wconf 80' lang='grc' dir='ltr'><strong><em>Ἰλιακὸν</em></strong></span> <span class='ocrx_word' id='word_1_52' title='bbox 1383 1183 1515 1264; x_wconf 71' lang='grc' dir='ltr'><em>πόλεμον</em></span> 
     </span>
     <span class='ocr_line' id='line_1_8' title="bbox 259 1287 1515 1372; baseline 0.002 -22"><span class='ocrx_word' id='word_1_53' title='bbox 259 1287 468 1372; x_wconf 53' lang='lat' dir='ltr'>apogrifum«,</span> <span class='ocrx_word' id='word_1_54' title='bbox 493 1309 575 1370; x_wconf 91' lang='lat' dir='ltr'>quae</span> <span class='ocrx_word' id='word_1_55' title='bbox 596 1291 758 1352; x_wconf 92' lang='lat' dir='ltr'>Diodorus</span> <span class='ocrx_word' id='word_1_56' title='bbox 774 1291 828 1352; x_wconf 92' lang='lat' dir='ltr'>III.</span> <span class='ocrx_word' id='word_1_57' title='bbox 844 1291 932 1353; x_wconf 85' lang='lat'>66.6</span> <span class='ocrx_word' id='word_1_58' title='bbox 953 1291 1033 1352; x_wconf 92' lang='lat' dir='ltr'>inter</span> <span class='ocrx_word' id='word_1_59' title='bbox 1055 1289 1191 1371; x_wconf 89' lang='lat' dir='ltr'>Dionysi</span> <span class='ocrx_word' id='word_1_60' title='bbox 1215 1289 1312 1352; x_wconf 88' lang='lat' dir='ltr'>libros</span> <span class='ocrx_word' id='word_1_61' title='bbox 1335 1291 1515 1371; x_wconf 60' lang='lat' dir='ltr'>enumeiat)</span> 
     </span>
     <span class='ocr_line' id='line_1_9' title="bbox 260 1393 1516 1474; baseline 0.002 -19"><span class='ocrx_word' id='word_1_62' title='bbox 260 1394 374 1456; x_wconf 91' lang='lat' dir='ltr'>eadem</span> <span class='ocrx_word' id='word_1_63' title='bbox 408 1395 530 1456; x_wconf 89' lang='lat' dir='ltr'>ratione</span> <span class='ocrx_word' id='word_1_64' title='bbox 565 1403 597 1456; x_wconf 92' lang='lat' dir='ltr'>et</span> <span class='ocrx_word' id='word_1_65' title='bbox 630 1396 762 1458; x_wconf 89' lang='lat' dir='ltr'>consilio</span> <span class='ocrx_word' id='word_1_66' title='bbox 796 1416 905 1470; x_wconf 90' lang='lat' dir='ltr'>usum,</span> <span class='ocrx_word' id='word_1_67' title='bbox 939 1395 1054 1474; x_wconf 91' lang='lat' dir='ltr'>quibus</span> <span class='ocrx_word' id='word_1_68' title='bbox 1086 1394 1117 1456; x_wconf 90' lang='lat' dir='ltr'>in</span> <span class='ocrx_word' id='word_1_69' title='bbox 1147 1393 1278 1474; x_wconf 91' lang='lat' dir='ltr'>Libycis</span> <span class='ocrx_word' id='word_1_70' title='bbox 1312 1395 1352 1456; x_wconf 92' lang='lat' dir='ltr'>de</span> <span class='ocrx_word' id='word_1_71' title='bbox 1385 1394 1516 1458; x_wconf 91' lang='lat' dir='ltr'>Baccho</span> 
     </span>
     <span class='ocr_line' id='line_1_10' title="bbox 259 1497 1518 1574; baseline 0.002 -14"><span class='ocrx_word' id='word_1_72' title='bbox 259 1498 374 1561; x_wconf 90' lang='lat' dir='ltr'>fabulis</span> <span class='ocrx_word' id='word_1_73' title='bbox 412 1501 611 1574; x_wconf 85' lang='lat' dir='ltr'>enarrandis,</span> <span class='ocrx_word' id='word_1_74' title='bbox 650 1510 683 1563; x_wconf 90' lang='lat' dir='ltr'>et</span> <span class='ocrx_word' id='word_1_75' title='bbox 718 1510 834 1563; x_wconf 89' lang='lat' dir='ltr'>testem</span> <span class='ocrx_word' id='word_1_76' title='bbox 872 1501 1016 1563; x_wconf 88' lang='lat' dir='ltr'>attulisse</span> <span class='ocrx_word' id='word_1_77' title='bbox 1049 1499 1231 1572; x_wconf 88' lang='lat' dir='ltr'>Xanthum,</span> <span class='ocrx_word' id='word_1_78' title='bbox 1270 1500 1351 1562; x_wconf 90' lang='lat' dir='ltr'>sicut</span> <span class='ocrx_word' id='word_1_79' title='bbox 1387 1500 1419 1562; x_wconf 89' lang='lat' dir='ltr'>in</span> <span class='ocrx_word' id='word_1_80' title='bbox 1456 1497 1518 1563; x_wconf 94' lang='lat' dir='ltr'>illis</span> 
     </span>
     <span class='ocr_line' id='line_1_11' title="bbox 260 1603 1516 1688; baseline 0.004 -24"><span class='ocrx_word' id='word_1_81' title='bbox 260 1604 494 1684; x_wconf 88' lang='lat' dir='ltr'>Thymoetam,</span> <span class='ocrx_word' id='word_1_82' title='bbox 526 1612 559 1665; x_wconf 91' lang='lat' dir='ltr'>et</span> <span class='ocrx_word' id='word_1_83' title='bbox 589 1605 632 1666; x_wconf 91' lang='lat' dir='ltr'>ita</span> <span class='ocrx_word' id='word_1_84' title='bbox 654 1625 765 1669; x_wconf 88' lang='lat' dir='ltr'>revera</span> <span class='ocrx_word' id='word_1_85' title='bbox 788 1604 868 1668; x_wconf 88' lang='lat' dir='ltr'>falsa</span> <span class='ocrx_word' id='word_1_86' title='bbox 891 1605 1068 1667; x_wconf 88' lang='lat' dir='ltr'>subdidisse</span> <span class='ocrx_word' id='word_1_87' title='bbox 1090 1603 1231 1666; x_wconf 80' lang='lat' dir='ltr'>Xantho</span> <span class='ocrx_word' id='word_1_88' title='bbox 1276 1604 1360 1667; x_wconf 87' lang='lat' dir='ltr'>Nam</span> <span class='ocrx_word' id='word_1_89' title='bbox 1384 1607 1424 1668; x_wconf 95' lang='lat' dir='ltr'>de</span> <span class='ocrx_word' id='word_1_90' title='bbox 1447 1607 1516 1688; x_wconf 88' lang='lat' dir='ltr'>ipsa</span> 
     </span>
     <span class='ocr_line' id='line_1_12' title="bbox 261 1708 1517 1791; baseline 0.003 -21"><span class='ocrx_word' id='word_1_91' title='bbox 261 1731 293 1773; x_wconf 91' lang='lat' dir='ltr'>re</span> <span class='ocrx_word' id='word_1_92' title='bbox 323 1709 480 1771; x_wconf 84' lang='lat' dir='ltr'>dubitatio</span> <span class='ocrx_word' id='word_1_93' title='bbox 511 1729 581 1770; x_wconf 91' lang='lat' dir='ltr'>esse</span> <span class='ocrx_word' id='word_1_94' title='bbox 611 1729 674 1772; x_wconf 92' lang='lat' dir='ltr'>non</span> <span class='ocrx_word' id='word_1_95' title='bbox 699 1720 823 1791; x_wconf 89' lang='lat' dir='ltr'>potest,</span> <span class='ocrx_word' id='word_1_96' title='bbox 856 1730 928 1773; x_wconf 92' lang='lat' dir='ltr'>cum</span> <span class='ocrx_word' id='word_1_97' title='bbox 959 1718 1094 1772; x_wconf 88' lang='lat' dir='ltr'>testetur</span> <span class='ocrx_word' id='word_1_98' title='bbox 1115 1709 1277 1771; x_wconf 86' lang='lat' dir='ltr'>Artemon</span> <span class='ocrx_word' id='word_1_99' title='bbox 1305 1708 1517 1788; x_wconf 88' lang='lat' dir='ltr'>Casandreus,</span> 
     </span>
     <span class='ocr_line' id='line_1_13' title="bbox 262 1813 1516 1895; baseline 0.004 -20"><span class='ocrx_word' id='word_1_100' title='bbox 262 1815 315 1894; x_wconf 95' lang='lat' dir='ltr'>qui</span> <span class='ocrx_word' id='word_1_101' title='bbox 351 1815 383 1875; x_wconf 94' lang='lat' dir='ltr'>in</span> <span class='ocrx_word' id='word_1_102' title='bbox 421 1813 534 1875; x_wconf 88' lang='lat' dir='ltr'>ceteris</span> <span class='ocrx_word' id='word_1_103' title='bbox 578 1813 765 1895; x_wconf 80' lang='lat' dir='ltr'>fragmentis</span> <span class='ocrx_word' id='word_1_104' title='bbox 806 1837 841 1877; x_wconf 91' lang='lat' dir='ltr'>se</span> <span class='ocrx_word' id='word_1_105' title='bbox 885 1817 1006 1878; x_wconf 92' lang='lat' dir='ltr'>bonum</span> <span class='ocrx_word' id='word_1_106' title='bbox 1050 1824 1083 1876; x_wconf 93' lang='lat' dir='ltr'>et</span> <span class='ocrx_word' id='word_1_107' title='bbox 1126 1813 1225 1875; x_wconf 86' lang='lat' dir='ltr'>fidum</span> <span class='ocrx_word' id='word_1_108' title='bbox 1270 1817 1516 1895; x_wconf 88' lang='lat' dir='ltr'>grammaticum</span> 
     </span>
     <span class='ocr_line' id='line_1_14' title="bbox 261 1918 464 2000; baseline 0.01 -20"><span class='ocrx_word' id='word_1_109' title='bbox 261 1927 404 2000; x_wconf 89' lang='lat' dir='ltr'>praestat</span> <span class='ocrx_word' id='word_1_110' title='bbox 413 1918 464 1999; x_wconf 79' lang='grc'>13).</span> 
     </span>
    </p>

    <p class='ocr_par' dir='ltr' id='par_1_3' title="bbox 261 2023 1522 3476">
     <span class='ocr_line' id='line_1_15' title="bbox 346 2023 1518 2106; baseline 0.003 -22"><span class='ocrx_word' id='word_1_111' title='bbox 346 2023 522 2104; x_wconf 89' lang='lat' dir='ltr'>Postquam</span> <span class='ocrx_word' id='word_1_112' title='bbox 556 2024 709 2099; x_wconf 92' lang='lat' dir='ltr'>vidimus,</span> <span class='ocrx_word' id='word_1_113' title='bbox 755 2024 946 2106; x_wconf 89' lang='lat' dir='ltr'>Dionysium</span> <span class='ocrx_word' id='word_1_114' title='bbox 985 2025 1071 2086; x_wconf 93' lang='lat' dir='ltr'>docti</span> <span class='ocrx_word' id='word_1_115' title='bbox 1110 2025 1284 2105; x_wconf 90' lang='lat' dir='ltr'>quidquam</span> <span class='ocrx_word' id='word_1_116' title='bbox 1322 2027 1518 2106; x_wconf 87' lang='lat' dir='ltr'>praestitisse</span> 
     </span>
     <span class='ocr_line' id='line_1_16' title="bbox 261 2129 1519 2211; baseline 0.002 -19"><span class='ocrx_word' id='word_1_117' title='bbox 261 2149 419 2209; x_wconf 89' lang='lat' dir='ltr'>nusquam</span> <span class='ocrx_word' id='word_1_118' title='bbox 443 2130 541 2203; x_wconf 91' lang='lat' dir='ltr'>tradi,</span> <span class='ocrx_word' id='word_1_119' title='bbox 571 2129 628 2190; x_wconf 91' lang='lat' dir='ltr'>sed</span> <span class='ocrx_word' id='word_1_120' title='bbox 651 2129 787 2190; x_wconf 91' lang='lat' dir='ltr'>Diodori</span> <span class='ocrx_word' id='word_1_121' title='bbox 809 2129 908 2192; x_wconf 87' lang='lat' dir='ltr'>verba</span> <span class='ocrx_word' id='word_1_122' title='bbox 932 2129 997 2209; x_wconf 92' lang='grc' dir='ltr'>(ΙΙΙ.</span> <span class='ocrx_word' id='word_1_123' title='bbox 1021 2130 1070 2191; x_wconf 89' lang='lat'>66.</span> <span class='ocrx_word' id='word_1_124' title='bbox 1096 2143 1122 2208; x_wconf 83' lang='lat'>5,</span> <span class='ocrx_word' id='word_1_125' title='bbox 1146 2129 1195 2211; x_wconf 88' lang='lat'>6),</span> <span class='ocrx_word' id='word_1_126' title='bbox 1229 2130 1345 2209; x_wconf 91' lang='lat' dir='ltr'>quibus</span> <span class='ocrx_word' id='word_1_127' title='bbox 1366 2131 1519 2194; x_wconf 90' lang='lat' dir='ltr'>historiae</span> 
     </span>
     <span class='ocr_line' id='line_1_17' title="bbox 262 2232 1518 2299; baseline 0 -1"><span class='ocrx_word' id='word_1_128' title='bbox 262 2234 412 2298; x_wconf 90' lang='lat' dir='ltr'>fabularis</span> <span class='ocrx_word' id='word_1_129' title='bbox 449 2235 632 2297; x_wconf 91' lang='lat' dir='ltr'>testimonia</span> <span class='ocrx_word' id='word_1_130' title='bbox 668 2234 709 2296; x_wconf 96' lang='lat' dir='ltr'>ab</span> <span class='ocrx_word' id='word_1_131' title='bbox 743 2255 782 2296; x_wconf 91' lang='lat' dir='ltr'>eo</span> <span class='ocrx_word' id='word_1_132' title='bbox 815 2232 951 2296; x_wconf 89' lang='lat' dir='ltr'>collecta</span> <span class='ocrx_word' id='word_1_133' title='bbox 985 2254 1055 2295; x_wconf 91' lang='lat' dir='ltr'>esse</span> <span class='ocrx_word' id='word_1_134' title='bbox 1088 2234 1144 2296; x_wconf 90' lang='lat' dir='ltr'>viri</span> <span class='ocrx_word' id='word_1_135' title='bbox 1182 2235 1268 2296; x_wconf 91' lang='lat' dir='ltr'>docti</span> <span class='ocrx_word' id='word_1_136' title='bbox 1306 2235 1518 2299; x_wconf 88' lang='lat' dir='ltr'>demonstrari</span> 
     </span>
     <span class='ocr_line' id='line_1_18' title="bbox 262 2339 1519 2429; baseline -0.002 -25"><span class='ocrx_word' id='word_1_137' title='bbox 262 2340 436 2424; x_wconf 88' lang='lat' dir='ltr'>putabant,</span> <span class='ocrx_word' id='word_1_138' title='bbox 474 2339 571 2420; x_wconf 92' lang='lat' dir='ltr'>longe</span> <span class='ocrx_word' id='word_1_139' title='bbox 605 2339 696 2402; x_wconf 91' lang='lat' dir='ltr'>aliter</span> <span class='ocrx_word' id='word_1_140' title='bbox 728 2339 935 2429; x_wconf 86' lang='lat' dir='ltr'>intelligenda</span> <span class='ocrx_word' id='word_1_141' title='bbox 967 2359 1054 2413; x_wconf 86' lang='lat' dir='ltr'>esse,</span> <span class='ocrx_word' id='word_1_142' title='bbox 1093 2359 1169 2400; x_wconf 94' lang='lat' dir='ltr'>num</span> <span class='ocrx_word' id='word_1_143' title='bbox 1206 2341 1275 2419; x_wconf 94' lang='lat' dir='ltr'>quis</span> <span class='ocrx_word' id='word_1_144' title='bbox 1305 2340 1401 2403; x_wconf 90' lang='lat' dir='ltr'>etiam</span> <span class='ocrx_word' id='word_1_145' title='bbox 1434 2362 1519 2402; x_wconf 89' lang='lat' dir='ltr'>nunc</span> 
     </span>
     <span class='ocr_line' id='line_1_19' title="bbox 262 2442 1517 2527; baseline -0.002 -17"><span class='ocrx_word' id='word_1_146' title='bbox 262 2447 417 2510; x_wconf 89' lang='lat' dir='ltr'>Eduardo</span> <span class='ocrx_word' id='word_1_147' title='bbox 441 2444 605 2508; x_wconf 86' lang='lat' dir='ltr'>Schwartz</span> <span class='ocrx_word' id='word_1_148' title='bbox 626 2442 853 2526; x_wconf 88' lang='lat' dir='ltr'>adstipuletur,</span> <span class='ocrx_word' id='word_1_149' title='bbox 885 2445 1022 2507; x_wconf 92' lang='lat' dir='ltr'>eundem</span> <span class='ocrx_word' id='word_1_150' title='bbox 1052 2444 1139 2506; x_wconf 93' lang='lat' dir='ltr'>illum</span> <span class='ocrx_word' id='word_1_151' title='bbox 1163 2444 1334 2507; x_wconf 90' lang='lat' dir='ltr'>Euhemeri</span> <span class='ocrx_word' id='word_1_152' title='bbox 1358 2456 1390 2508; x_wconf 92' lang='lat' dir='ltr'>et</span> <span class='ocrx_word' id='word_1_153' title='bbox 1413 2446 1517 2527; x_wconf 87' lang='lat' dir='ltr'>Hege-</span> 
     </span>
     <span class='ocr_line' id='line_1_20' title="bbox 264 2548 1520 2640; baseline -0.002 -24"><span class='ocrx_word' id='word_1_154' title='bbox 264 2553 411 2616; x_wconf 88' lang='lat' dir='ltr'>sianactis</span> <span class='ocrx_word' id='word_1_155' title='bbox 433 2548 595 2613; x_wconf 90' lang='lat' dir='ltr'>aemulum</span> <span class='ocrx_word' id='word_1_156' title='bbox 618 2569 744 2640; x_wconf 90' lang='lat' dir='ltr'>summa</span> <span class='ocrx_word' id='word_1_157' title='bbox 767 2549 830 2620; x_wconf 86' lang='lat' dir='ltr'>fide</span> <span class='ocrx_word' id='word_1_158' title='bbox 853 2559 885 2611; x_wconf 88' lang='lat' dir='ltr'>et</span> <span class='ocrx_word' id='word_1_159' title='bbox 903 2549 1055 2612; x_wconf 82' lang='lat' dir='ltr'>formicae</span> <span class='ocrx_word' id='word_1_160' title='bbox 1071 2549 1233 2631; x_wconf 85' lang='lat' dir='ltr'>diligentia</span> <span class='ocrx_word' id='word_1_161' title='bbox 1249 2550 1520 2631; x_wconf 88' lang='lat' dir='ltr'>praeclarissimas</span> 
     </span>
     <span class='ocr_line' id='line_1_21' title="bbox 265 2654 1518 2736; baseline -0.002 -15"><span class='ocrx_word' id='word_1_162' title='bbox 265 2659 334 2721; x_wconf 90' lang='lat' dir='ltr'>illas</span> <span class='ocrx_word' id='word_1_163' title='bbox 364 2657 528 2720; x_wconf 84' lang='lat' dir='ltr'>doctrinae</span> <span class='ocrx_word' id='word_1_164' title='bbox 551 2657 661 2736; x_wconf 90' lang='lat' dir='ltr'>copias</span> <span class='ocrx_word' id='word_1_165' title='bbox 684 2656 876 2730; x_wconf 84' lang='lat' dir='ltr'>conrasisse,</span> <span class='ocrx_word' id='word_1_166' title='bbox 908 2676 987 2736; x_wconf 92' lang='lat' dir='ltr'>quas</span> <span class='ocrx_word' id='word_1_167' title='bbox 1017 2656 1048 2716; x_wconf 89' lang='lat' dir='ltr'>in</span> <span class='ocrx_word' id='word_1_168' title='bbox 1077 2654 1204 2717; x_wconf 89' lang='lat' dir='ltr'>scholiis</span> <span class='ocrx_word' id='word_1_169' title='bbox 1229 2654 1454 2736; x_wconf 90' lang='lat' dir='ltr'>Apollonianis</span> <span class='ocrx_word' id='word_1_170' title='bbox 1476 2659 1518 2718; x_wconf 92' lang='lat' dir='ltr'>in·</span> 
     </span>
     <span class='ocr_line' id='line_1_22' title="bbox 264 2759 1519 2846; baseline -0.001 -21"><span class='ocrx_word' id='word_1_171' title='bbox 264 2763 374 2846; x_wconf 89' lang='lat' dir='ltr'>primis</span> <span class='ocrx_word' id='word_1_172' title='bbox 403 2763 613 2833; x_wconf 86' lang='lat' dir='ltr'>admiramur,</span> <span class='ocrx_word' id='word_1_173' title='bbox 646 2762 834 2841; x_wconf 88' lang='lat' dir='ltr'>praesertim</span> <span class='ocrx_word' id='word_1_174' title='bbox 857 2782 930 2822; x_wconf 91' lang='lat' dir='ltr'>cum</span> <span class='ocrx_word' id='word_1_175' title='bbox 953 2782 996 2823; x_wconf 88' lang='lat' dir='ltr'>ex</span> <span class='ocrx_word' id='word_1_176' title='bbox 1017 2763 1110 2823; x_wconf 91' lang='lat' dir='ltr'>certis</span> <span class='ocrx_word' id='word_1_177' title='bbox 1132 2759 1416 2842; x_wconf 87' lang='lat' dir='ltr'>Scytobrachionis</span> <span class='ocrx_word' id='word_1_178' title='bbox 1439 2761 1519 2844; x_wconf 87' lang='lat' dir='ltr'>frag-</span> 
     </span>
     <span class='ocr_line' id='line_1_23' title="bbox 265 2861 1518 2942; baseline -0.001 -11"><span class='ocrx_word' id='word_1_179' title='bbox 265 2870 380 2931; x_wconf 88' lang='lat' dir='ltr'>mentis</span> <span class='ocrx_word' id='word_1_180' title='bbox 402 2861 482 2931; x_wconf 87' lang='lat' dir='ltr'>infra</span> <span class='ocrx_word' id='word_1_181' title='bbox 509 2867 756 2930; x_wconf 90' lang='lat' dir='ltr'>demonstraturi</span> <span class='ocrx_word' id='word_1_182' title='bbox 784 2867 898 2942; x_wconf 81' lang='lat' dir='ltr'>simus,</span> <span class='ocrx_word' id='word_1_183' title='bbox 929 2867 1043 2928; x_wconf 90' lang='lat' dir='ltr'>eadem</span> <span class='ocrx_word' id='word_1_184' title='bbox 1074 2866 1195 2928; x_wconf 89' lang='lat' dir='ltr'>ratione</span> <span class='ocrx_word' id='word_1_185' title='bbox 1225 2887 1298 2928; x_wconf 93' lang='lat' dir='ltr'>eum</span> <span class='ocrx_word' id='word_1_186' title='bbox 1327 2887 1420 2929; x_wconf 92' lang='lat' dir='ltr'>usum</span> <span class='ocrx_word' id='word_1_187' title='bbox 1447 2889 1518 2930; x_wconf 92' lang='lat' dir='ltr'>esse</span> 
     </span>
     <span class='ocr_line' id='line_1_24' title="bbox 266 2970 1519 3055; baseline -0.002 -18"><span class='ocrx_word' id='word_1_188' title='bbox 266 2977 295 3038; x_wconf 93' lang='lat' dir='ltr'>in</span> <span class='ocrx_word' id='word_1_189' title='bbox 318 2974 583 3055; x_wconf 82' lang='lat' dir='ltr'>Argonautarum</span> <span class='ocrx_word' id='word_1_190' title='bbox 606 2972 720 3035; x_wconf 89' lang='lat' dir='ltr'>fabulis</span> <span class='ocrx_word' id='word_1_191' title='bbox 744 2971 929 3046; x_wconf 78' lang='lat' dir='ltr'>referendiS,</span> <span class='ocrx_word' id='word_1_192' title='bbox 963 2990 1026 3051; x_wconf 92' lang='lat' dir='ltr'>qua</span> <span class='ocrx_word' id='word_1_193' title='bbox 1049 2971 1080 3032; x_wconf 93' lang='lat' dir='ltr'>in</span> <span class='ocrx_word' id='word_1_194' title='bbox 1103 2970 1234 3052; x_wconf 87' lang='lat' dir='ltr'>Libycis</span> <span class='ocrx_word' id='word_1_195' title='bbox 1254 2971 1314 3034; x_wconf 92' lang='lat' dir='ltr'>illis</span> <span class='ocrx_word' id='word_1_196' title='bbox 1337 2973 1377 3034; x_wconf 91' lang='lat' dir='ltr'>de</span> <span class='ocrx_word' id='word_1_197' title='bbox 1399 2973 1519 3034; x_wconf 92' lang='lat' dir='ltr'>Libero</span> 
     </span>
     <span class='ocr_line' id='line_1_25' title="bbox 266 3076 1519 3162; baseline -0.003 -19"><span class='ocrx_word' id='word_1_198' title='bbox 266 3079 378 3162; x_wconf 84' lang='lat' dir='ltr'>patre?</span> <span class='ocrx_word' id='word_1_199' title='bbox 423 3079 488 3141; x_wconf 85' lang='lat' dir='ltr'>Sed</span> <span class='ocrx_word' id='word_1_200' title='bbox 511 3079 635 3140; x_wconf 88' lang='lat' dir='ltr'>etiamsi</span> <span class='ocrx_word' id='word_1_201' title='bbox 657 3076 734 3140; x_wconf 94' lang='lat' dir='ltr'>illud</span> <span class='ocrx_word' id='word_1_202' title='bbox 756 3077 980 3158; x_wconf 88' lang='lat' dir='ltr'>gravissimum</span> <span class='ocrx_word' id='word_1_203' title='bbox 1003 3078 1145 3139; x_wconf 90' lang='lat' dir='ltr'>Eduardi</span> <span class='ocrx_word' id='word_1_204' title='bbox 1168 3076 1519 3159; x_wconf 85' lang='lat' dir='ltr'>Schwartz-argumen-</span> 
     </span>
     <span class='ocr_line' id='line_1_26' title="bbox 266 3181 1518 3264; baseline -0.002 -17"><span class='ocrx_word' id='word_1_205' title='bbox 266 3195 344 3258; x_wconf 91' lang='lat' dir='ltr'>tum,</span> <span class='ocrx_word' id='word_1_206' title='bbox 366 3185 398 3245; x_wconf 93' lang='lat' dir='ltr'>in</span> <span class='ocrx_word' id='word_1_207' title='bbox 417 3203 483 3264; x_wconf 94' lang='lat' dir='ltr'>quo</span> <span class='ocrx_word' id='word_1_208' title='bbox 499 3191 603 3245; x_wconf 88' lang='lat' dir='ltr'>totum</span> <span class='ocrx_word' id='word_1_209' title='bbox 619 3181 873 3262; x_wconf 89' lang='lat' dir='ltr'>conjecturarum</span> <span class='ocrx_word' id='word_1_210' title='bbox 890 3181 1068 3244; x_wconf 87' lang='lat' dir='ltr'>aedificium</span> <span class='ocrx_word' id='word_1_211' title='bbox 1084 3181 1235 3256; x_wconf 92' lang='lat' dir='ltr'>fundavit,</span> <span class='ocrx_word' id='word_1_212' title='bbox 1260 3184 1386 3258; x_wconf 89' lang='lat' dir='ltr'>corruit,</span> <span class='ocrx_word' id='word_1_213' title='bbox 1410 3191 1518 3246; x_wconf 88' lang='lat' dir='ltr'>tamen</span> 
     </span>
     <span class='ocr_line' id='line_1_27' title="bbox 267 3287 1517 3369; baseline -0.001 -16"><span class='ocrx_word' id='word_1_214' title='bbox 267 3298 366 3353; x_wconf 89' lang='lat' dir='ltr'>restat</span> <span class='ocrx_word' id='word_1_215' title='bbox 388 3289 539 3363; x_wconf 88' lang='lat' dir='ltr'>alterum,</span> <span class='ocrx_word' id='word_1_216' title='bbox 575 3308 639 3368; x_wconf 94' lang='lat' dir='ltr'>quo</span> <span class='ocrx_word' id='word_1_217' title='bbox 663 3287 814 3365; x_wconf 88' lang='lat' dir='ltr'>fortasse,</span> <span class='ocrx_word' id='word_1_218' title='bbox 846 3289 900 3369; x_wconf 93' lang='lat' dir='ltr'>qui</span> <span class='ocrx_word' id='word_1_219' title='bbox 923 3288 989 3350; x_wconf 90' lang='lat' dir='ltr'>eius</span> <span class='ocrx_word' id='word_1_220' title='bbox 1012 3287 1185 3350; x_wconf 89' lang='lat' dir='ltr'>sententias</span> <span class='ocrx_word' id='word_1_221' title='bbox 1207 3287 1373 3362; x_wconf 86' lang='lat' dir='ltr'>defendat,</span> <span class='ocrx_word' id='word_1_222' title='bbox 1403 3299 1517 3352; x_wconf 88' lang='lat' dir='ltr'>utatur.</span> 
     </span>
     <span class='ocr_line' id='line_1_28' title="bbox 267 3393 1522 3476; baseline 0 -19"><span class='ocrx_word' id='word_1_223' title='bbox 267 3395 442 3458; x_wconf 88' lang='lat' dir='ltr'>Contendit</span> <span class='ocrx_word' id='word_1_224' title='bbox 464 3397 563 3468; x_wconf 88' lang='lat' dir='ltr'>enim,</span> <span class='ocrx_word' id='word_1_225' title='bbox 592 3394 714 3470; x_wconf 92' lang='lat' dir='ltr'>omnia,</span> <span class='ocrx_word' id='word_1_226' title='bbox 745 3414 827 3476; x_wconf 88' lang='lat' dir='ltr'>quae</span> <span class='ocrx_word' id='word_1_227' title='bbox 849 3393 1012 3456; x_wconf 88' lang='lat' dir='ltr'>Diodorus</span> <span class='ocrx_word' id='word_1_228' title='bbox 1045 3393 1114 3455; x_wconf 91' lang='lat' dir='ltr'>libri</span> <span class='ocrx_word' id='word_1_229' title='bbox 1137 3393 1185 3455; x_wconf 84' lang='lat' dir='ltr'>IV</span> <span class='ocrx_word' id='word_1_230' title='bbox 1215 3395 1372 3475; x_wconf 86' lang='lat' dir='ltr'>capitibus</span> <span class='ocrx_word' id='word_1_231' title='bbox 1393 3397 1522 3476; x_wconf 87' lang='lat'><strong>40--56</strong></span> 
     </span>
    </p>
   </div>
   <div class='ocr_carea' id='block_1_3' title="bbox 267 3488 1552 3583">
    <p class='ocr_par' dir='ltr' id='par_1_4' title="bbox 267 3488 1552 3583">
     <span class='ocr_line' id='line_1_29' title="bbox 267 3488 1552 3583; baseline -0.001 -19"><span class='ocrx_word' id='word_1_232' title='bbox 267 3503 308 3565; x_wconf 91' lang='lat' dir='ltr'>de</span> <span class='ocrx_word' id='word_1_233' title='bbox 331 3500 531 3583; x_wconf 86' lang='lat' dir='ltr'>Argonautis</span> <span class='ocrx_word' id='word_1_234' title='bbox 554 3502 666 3575; x_wconf 91' lang='lat' dir='ltr'>tradit,</span> <span class='ocrx_word' id='word_1_235' title='bbox 696 3522 738 3564; x_wconf 90' lang='lat' dir='ltr'>ex</span> <span class='ocrx_word' id='word_1_236' title='bbox 760 3499 919 3580; x_wconf 92' lang='lat' dir='ltr'>Dionysio</span> <span class='ocrx_word' id='word_1_237' title='bbox 943 3519 1098 3561; x_wconf 90' lang='lat' dir='ltr'>manasse.</span> <span class='ocrx_word' id='word_1_238' title='bbox 1144 3498 1251 3580; x_wconf 80' lang='lat' dir='ltr'>Quam</span> <span class='ocrx_word' id='word_1_239' title='bbox 1274 3503 1463 3564; x_wconf 88' lang='lat' dir='ltr'>sententiam</span> <span class='ocrx_word' id='word_1_240' title='bbox 1484 3512 1521 3563; x_wconf 89' lang='lat' dir='ltr'>ut</span> <span class='ocrx_word' id='word_1_241' title='bbox 1549 3488 1552 3492; x_wconf 34' lang='lat'>¹</span> 
     </span>
    </p>
   </div>
   <div class='ocr_carea' id='block_1_4' title="bbox 267 3605 1523 4114">
    <p class='ocr_par' dir='ltr' id='par_1_5' title="bbox 267 3605 1522 3902">
     <span class='ocr_line' id='line_1_30' title="bbox 267 3605 1522 3688; baseline -0.001 -18"><span class='ocrx_word' id='word_1_242' title='bbox 267 3607 457 3683; x_wconf 77' lang='lat' dir='ltr'>refutemuS,</span> <span class='ocrx_word' id='word_1_243' title='bbox 482 3628 613 3671; x_wconf 90' lang='lat' dir='ltr'>necesse</span> <span class='ocrx_word' id='word_1_244' title='bbox 635 3616 697 3680; x_wconf 91' lang='lat' dir='ltr'>est,</span> <span class='ocrx_word' id='word_1_245' title='bbox 719 3607 895 3669; x_wconf 88' lang='lat' dir='ltr'>accuratius</span> <span class='ocrx_word' id='word_1_246' title='bbox 915 3605 967 3667; x_wconf 90' lang='lat' dir='ltr'>illa</span> <span class='ocrx_word' id='word_1_247' title='bbox 990 3605 1095 3686; x_wconf 86' lang='lat' dir='ltr'>capita</span> <span class='ocrx_word' id='word_1_248' title='bbox 1117 3606 1356 3688; x_wconf 90' lang='lat' dir='ltr'>perlustremus.</span> <span class='ocrx_word' id='word_1_249' title='bbox 1401 3608 1454 3669; x_wconf 87' lang='lat' dir='ltr'>Ex</span> <span class='ocrx_word' id='word_1_250' title='bbox 1476 3610 1522 3670; x_wconf 87' lang='lat' dir='ltr'>eis</span> 
     </span>
     <span class='ocr_line' id='line_1_31' title="bbox 267 3709 1521 3796; baseline -0.002 -20"><span class='ocrx_word' id='word_1_251' title='bbox 267 3715 362 3796; x_wconf 88' lang='lat' dir='ltr'>igitur</span> <span class='ocrx_word' id='word_1_252' title='bbox 393 3713 597 3795; x_wconf 78' lang='lat' dir='ltr'>fragmentiS,</span> <span class='ocrx_word' id='word_1_253' title='bbox 632 3733 769 3793; x_wconf 91' lang='lat' dir='ltr'>quorum</span> <span class='ocrx_word' id='word_1_254' title='bbox 800 3721 911 3774; x_wconf 91' lang='lat' dir='ltr'>auctor</span> <span class='ocrx_word' id='word_1_255' title='bbox 933 3712 1050 3773; x_wconf 90' lang='lat' dir='ltr'>diserte</span> <span class='ocrx_word' id='word_1_256' title='bbox 1073 3709 1306 3792; x_wconf 87' lang='lat' dir='ltr'>Scytobrachio</span> <span class='ocrx_word' id='word_1_257' title='bbox 1330 3712 1521 3794; x_wconf 90' lang='lat' dir='ltr'>appellatur,</span> 
     </span>
     <span class='ocr_line' id='line_1_32' title="bbox 267 3817 1317 3902; baseline 0 -20"><span class='ocrx_word' id='word_1_258' title='bbox 267 3821 428 3902; x_wconf 90' lang='lat' dir='ltr'>progressi</span> <span class='ocrx_word' id='word_1_259' title='bbox 450 3820 626 3893; x_wconf 70' lang='lat' dir='ltr'>videamus</span> <span class='ocrx_word' id='word_1_260' title='bbox 649 3819 725 3900; x_wconf 92' lang='lat' dir='ltr'>quid</span> <span class='ocrx_word' id='word_1_261' title='bbox 747 3817 790 3879; x_wconf 97' lang='lat' dir='ltr'>illi</span> <span class='ocrx_word' id='word_1_262' title='bbox 813 3817 930 3879; x_wconf 89' lang='lat' dir='ltr'>debeat</span> <span class='ocrx_word' id='word_1_263' title='bbox 948 3817 1120 3893; x_wconf 91' lang='lat' dir='ltr'>Diodorus,</span> <span class='ocrx_word' id='word_1_264' title='bbox 1142 3819 1217 3897; x_wconf 93' lang='lat' dir='ltr'>quid</span> <span class='ocrx_word' id='word_1_265' title='bbox 1240 3820 1317 3884; x_wconf 80' lang='lat' dir='ltr'>aliis</span> 
     </span>
    </p>

    <p class='ocr_par' dir='ltr' id='par_1_6' title="bbox 268 3921 1523 4114">
     <span class='ocr_line' id='line_1_33' title="bbox 353 3921 1523 4006; baseline -0.003 -18"><span class='ocrx_word' id='word_1_266' title='bbox 353 3925 533 3989; x_wconf 87' lang='lat' dir='ltr'>Scholiasta</span> <span class='ocrx_word' id='word_1_267' title='bbox 569 3925 610 3986; x_wconf 93' lang='lat' dir='ltr'>ad</span> <span class='ocrx_word' id='word_1_268' title='bbox 647 3923 859 4005; x_wconf 87' lang='lat' dir='ltr'>Apollonium</span> <span class='ocrx_word' id='word_1_269' title='bbox 900 3921 924 3984; x_wconf 90' lang='grc' dir='ltr'>Ι.</span> <span class='ocrx_word' id='word_1_270' title='bbox 972 3925 1051 4002; x_wconf 88' lang='lat'>1289</span> <span class='ocrx_word' id='word_1_271' title='bbox 1088 3932 1121 3985; x_wconf 92' lang='lat' dir='ltr'>et</span> <span class='ocrx_word' id='word_1_272' title='bbox 1157 3923 1379 4005; x_wconf 90' lang='lat' dir='ltr'>Apollodorus</span> <span class='ocrx_word' id='word_1_273' title='bbox 1415 3945 1446 4006; x_wconf 93' lang='lat' dir='ltr'>p.</span> <span class='ocrx_word' id='word_1_274' title='bbox 1479 3940 1523 4004; x_wconf 86' lang='lat'>29</span> 
     </span>
     <span class='ocr_line' id='line_1_34' title="bbox 268 4027 1521 4114; baseline -0.003 -21"><span class='ocrx_word' id='word_1_275' title='bbox 268 4031 286 4094; x_wconf 93' lang='lat' dir='ltr'>l.</span> <span class='ocrx_word' id='word_1_276' title='bbox 319 4035 358 4094; x_wconf 90' lang='lat'>28</span> <span class='ocrx_word' id='word_1_277' title='bbox 392 4031 559 4114; x_wconf 88' lang='lat' dir='ltr'>(Hercher)</span> <span class='ocrx_word' id='word_1_278' title='bbox 589 4039 762 4103; x_wconf 91' lang='lat' dir='ltr'>testantur,</span> <span class='ocrx_word' id='word_1_279' title='bbox 803 4027 979 4090; x_wconf 92' lang='lat' dir='ltr'>secundum</span> <span class='ocrx_word' id='word_1_280' title='bbox 1009 4027 1317 4110; x_wconf 89' lang='lat' dir='ltr'>Scytobrachionem</span> <span class='ocrx_word' id='word_1_281' title='bbox 1348 4029 1521 4092; x_wconf 89' lang='lat' dir='ltr'>Herculem</span> 
     </span>
    </p>
   </div>
   <div class='ocr_carea' id='block_1_5' title="bbox 155 4133 1523 4219">
    <p class='ocr_par' dir='ltr' id='par_1_7' title="bbox 155 4133 1523 4219">
     <span class='ocr_line' id='line_1_35' title="bbox 155 4133 1523 4219; baseline -0.004 -17"><span class='ocrx_word' id='word_1_282' title='bbox 155 4189 160 4202; x_wconf 80' lang='lat'>.</span> <span class='ocrx_word' id='word_1_283' title='bbox 267 4157 331 4199; x_wconf 89' lang='lat' dir='ltr'>non</span> <span class='ocrx_word' id='word_1_284' title='bbox 364 4139 463 4200; x_wconf 92' lang='lat' dir='ltr'>modo</span> <span class='ocrx_word' id='word_1_285' title='bbox 497 4158 598 4219; x_wconf 92' lang='lat' dir='ltr'>usque</span> <span class='ocrx_word' id='word_1_286' title='bbox 631 4137 672 4199; x_wconf 93' lang='lat' dir='ltr'>ad</span> <span class='ocrx_word' id='word_1_287' title='bbox 707 4134 803 4197; x_wconf 90' lang='lat' dir='ltr'>finem</span> <span class='ocrx_word' id='word_1_288' title='bbox 834 4133 1097 4214; x_wconf 89' lang='lat' dir='ltr'>Argonautarum</span> <span class='ocrx_word' id='word_1_289' title='bbox 1129 4135 1342 4216; x_wconf 89' lang='lat' dir='ltr'>expeditionis</span> <span class='ocrx_word' id='word_1_290' title='bbox 1376 4134 1523 4197; x_wconf 90' lang='lat' dir='ltr'>sodalem</span> 
     </span>
    </p>
   </div>
   <div class='ocr_carea' id='block_1_6' title="bbox 268 4237 1521 4318">
    <p class='ocr_par' dir='ltr' id='par_1_8' title="bbox 268 4237 1521 4318">
     <span class='ocr_line' id='line_1_36' title="bbox 268 4237 1521 4318; baseline -0.002 -14"><span class='ocrx_word' id='word_1_291' title='bbox 268 4242 380 4318; x_wconf 90' lang='lat' dir='ltr'>fuisse,</span> <span class='ocrx_word' id='word_1_292' title='bbox 412 4248 468 4306; x_wconf 89' lang='lat' dir='ltr'>sed</span> <span class='ocrx_word' id='word_1_293' title='bbox 502 4245 598 4306; x_wconf 90' lang='lat' dir='ltr'>etiam</span> <span class='ocrx_word' id='word_1_294' title='bbox 622 4245 747 4306; x_wconf 89' lang='lat' dir='ltr'>ducem.</span> <span class='ocrx_word' id='word_1_295' title='bbox 793 4241 882 4301; x_wconf 89' lang='lat' dir='ltr'>Idem</span> <span class='ocrx_word' id='word_1_296' title='bbox 906 4237 1001 4300; x_wconf 87' lang='lat' dir='ltr'>refert</span> <span class='ocrx_word' id='word_1_297' title='bbox 1024 4239 1186 4302; x_wconf 90' lang='lat' dir='ltr'>Diodorus</span> <span class='ocrx_word' id='word_1_298' title='bbox 1209 4239 1266 4303; x_wconf 87' lang='lat' dir='ltr'>IV.</span> <span class='ocrx_word' id='word_1_299' title='bbox 1290 4256 1327 4318; x_wconf 87' lang='lat'>41</span> <span class='ocrx_word' id='word_1_300' title='bbox 1355 4243 1426 4318; x_wconf 53' lang='lat'>§5</span> <span class='ocrx_word' id='word_1_301' title='bbox 1451 4261 1474 4301; x_wconf 92' lang='lat' dir='ltr'>s.</span> <span class='ocrx_word' id='word_1_302' title='bbox 1501 4240 1521 4301; x_wconf 86' lang='lat' dir='ltr'>f.</span> 
     </span>
    </p>
   </div>
   <div class='ocr_carea' id='block_1_7' title="bbox 353 4468 1269 4538">
    <p class='ocr_par' dir='ltr' id='par_1_9' title="bbox 353 4468 1269 4538">
     <span class='ocr_line' id='line_1_37' title="bbox 353 4468 1269 4538; baseline -0.004 -16"><span class='ocrx_word' id='word_1_303' title='bbox 353 4470 389 4538; x_wconf 81' lang='lat'>¹³)</span> <span class='ocrx_word' id='word_1_304' title='bbox 416 4473 449 4522; x_wconf 88' lang='lat' dir='ltr'>cf.</span> <span class='ocrx_word' id='word_1_305' title='bbox 471 4474 588 4524; x_wconf 81' lang='lat' dir='ltr'>Carolum</span> <span class='ocrx_word' id='word_1_306' title='bbox 607 4474 698 4523; x_wconf 76' lang='lat' dir='ltr'>Muller</span> <span class='ocrx_word' id='word_1_307' title='bbox 718 4473 809 4535; x_wconf 84' lang='lat' dir='ltr'>fragm.</span> <span class='ocrx_word' id='word_1_308' title='bbox 828 4470 917 4517; x_wconf 89' lang='lat' dir='ltr'>histor.</span> <span class='ocrx_word' id='word_1_309' title='bbox 940 4483 1025 4532; x_wconf 87' lang='lat' dir='ltr'>graec.</span> <span class='ocrx_word' id='word_1_310' title='bbox 1045 4468 1097 4516; x_wconf 86' lang='lat' dir='ltr'>vol.</span> <span class='ocrx_word' id='word_1_311' title='bbox 1119 4470 1175 4533; x_wconf 87' lang='lat' dir='ltr'>Ip.</span> <span class='ocrx_word' id='word_1_312' title='bbox 1195 4471 1269 4518; x_wconf 86' lang='lat' dir='ltr'>XXI.</span> 
     </span>
    </p>
   </div>
   <div class='ocr_carea' id='block_1_8' title="bbox 0 0 1757 5030">
    <p class='ocr_par' dir='ltr' id='par_1_10' title="bbox 0 0 1757 5030">
     <span class='ocr_line' id='line_1_38' title="bbox 0 0 1757 5030; baseline 0 0"><span class='ocrx_word' id='word_1_313' title='bbox 0 0 1757 5030; x_wconf 95' lang='lat' dir='ltr'> </span> 
     </span>
    </p>
   </div>
  </div>
 </body>
</html>
