3438 5028
749 375 956 438 -3g,.

225 546 378 607 mandato
410 566 510 627 usque
542 547 582 606 ad
609 545 745 606 Medeae
776 545 807 605 in
835 545 949 606 Asiam
979 543 1134 606 reditum«
1169 545 1343 626 sumpsisse
1367 545 1483 608 diserte

223 651 392 712 Eduardus
417 649 580 712 Schwartz
603 648 752 711 affirmat.

309 755 435 816 Revera
466 765 574 817 autem
608 756 743 816 Diodori
762 755 817 815 -de
848 755 964 816 Medea
997 754 1211 815 narrationem
1245 757 1372 836 saepius
1409 777 1481 819 cum

223 859 429 940 Apollodoro
451 869 484 921 et
499 861 632 941 Hygino
656 860 839 933 cohaerere,
863 880 960 921 nemo
983 880 1047 922 non
1070 860 1148 920 vidit
1171 868 1203 921 et
1226 881 1285 923 nos
1304 862 1482 923 accuratius

223 985 320 1045 supra
350 967 557 1027 ostendimus
601 965 738 1027 Accedit
763 965 860 1026 etiam
882 965 1054 1027 Pausanias
1076 965 1127 1046 (II.
1151 965 1197 1047 3),
1223 966 1276 1047 qui
1299 966 1384 1028 idem
1407 965 1481 1039 fere,

225 1072 313 1149 quod
334 1069 497 1132 Diodorus
505 1117 513 1146 ,
544 1072 639 1132 tradit
663 1070 769 1132 multis
793 1080 902 1133 tamen
925 1079 957 1133 et
987 1071 1064 1131 raris
1088 1072 1171 1132 notis
1194 1070 1326 1144 additis,
1358 1090 1482 1150 quaea

224 1174 353 1237 scholiis
382 1176 423 1237 ad
453 1177 577 1239 Pindari
608 1176 755 1238 carminis
786 1174 931 1256 Olympii
961 1175 1038 1237 XIII
1066 1196 1096 1236 v.
1120 1191 1162 1256 74
1190 1185 1222 1238 et
1251 1176 1292 1238 ad
1322 1176 1482 1257 Euripidis

224 1281 360 1342 Medeae
382 1303 411 1342 v.
439 1299 476 1344 10
499 1303 563 1344 non
586 1281 707 1344 alienae
730 1290 812 1342 sunt.
859 1279 933 1361 Quo
959 1281 1090 1362 cognito
1113 1278 1284 1342 Udalricus
1313 1283 1353 1343 de
1381 1282 1483 1344 Wila·

224 1387 367 1460 mowitz,
402 1406 475 1448 curn
510 1388 575 1448 iure
611 1385 780 1448 Eduardus
813 1383 976 1449 Schwartz
1007 1385 1316 1467 Scytobrachionem
1346 1385 1484 1449 Diodori

223 1491 294 1553 libri
316 1491 364 1552 IV
388 1493 545 1572 capitibus
567 1492 694 1570 40—56
717 1500 881 1552 auctorem
905 1493 1038 1554 subesse
1060 1491 1263 1553 contendisse
1282 1492 1341 1553 sibi
1357 1513 1483 1572 persua·

224 1597 325 1669 sisset,
349 1617 414 1658 non
437 1597 592 1659 dubitavit
612 1598 720 1659 omnia
734 1594 787 1657 illa
802 1597 980 1675 exquisitae
1003 1598 1169 1659 doctrinae
1183 1595 1333 1658 fabularis
1349 1597 1483 1660 frustula

223 1703 265 1763 ad
288 1722 385 1763 unum
408 1701 497 1762 illurn
515 1702 709 1782 Dionysium
733 1700 858 1763 reserre.
869 1702 927 1782 108)
966 1700 1163 1764 Omittamus
1185 1701 1248 1764 hoc
1270 1700 1342 1763 loco
1365 1712 1483 1777 cetera,

223 1805 327 1868 solum
352 1808 391 1868 de
422 1806 627 1887 Apollodoro
656 1808 857 1869 disseramus
895 1804 980 1886 Quid
1003 1806 1109 1868 enim?
1142 1807 1237 1869 Unde
1259 1807 1484 1889 Apollodorus

223 1911 406 1990 descripsit,
439 1932 521 1992 quae
544 1913 616 1973 inde
643 1912 685 1973 ab
708 1912 971 1992 Argonautarum
994 1912 1209 1992 expeditionis
1231 1911 1294 1975 fine
1317 1933 1418 1994 usque
1441 1916 1483 1978 ad

225 2016 359 2077 Medeae
389 2016 420 2076 in
457 2016 570 2078 Asiam
601 2018 737 2079 reditum
768 2015 883 2079 resel't?
935 2017 1010 2079 Non
1040 2018 1125 2078 enim
1159 2017 1239 2078 haec
1267 2019 1409 2098 pendent
1441 2021 1483 2083 ab

224 2121 378 2201 Apolloni
392 2120 627 2205 ArgonauticiS‚
653 2124 707 2204 qui
723 2121 820 2183 finem
835 2122 983 2184 carminis
995 2120 1077 2196 fecit,
1095 2143 1168 2183 cum
1180 2122 1391 2210 Argonautae
1403 2128 1483 2190 salvi

223 2236 255 2289 et
272 2226 386 2306 integri
402 2226 541 2288 victores
556 2229 597 2288 ad
614 2226 766 2289 Graeciae
782 2247 854 2289 oras
870 2227 1045 2307 adpellunt.
1077 2226 1167 2306 Ergo
1183 2229 1291 2290 omnia
1307 2229 1359 2291 illa
1374 2252 1483 2294 secun·

223 2333 300 2392 dum
312 2332 453 2394 Eduardi
470 2330 633 2394 Schwartz
649 2335 840 2395 sententiam
851 2335 891 2394 ad
904 2331 1199 2412 Argonauticorum
1215 2337 1483 2398 commentarium

184 2466 214 2479 -»
224 2438 393 2517 pertinent.
424 2438 472 2499 At
494 2437 569 2499 nihil
593 2438 706 2501 harum
729 2459 833 2501 rerum
857 2439 972 2518 legitur
988 2439 1017 2498 in
1034 2436 1189 2517 Apolloni
1215 2435 1352 2512 scholiis
1378 2441 1484 2520 qualia

223 2563 282 2603 nos
305 2552 459 2619 tenemus,
484 2563 560 2604 sane
585 2564 689 2623 neque
712 2544 906 2626 pauperibus
928 2563 1031 2621 neque
1056 2543 1139 2604 male
1161 2543 1295 2619 habitis,
1321 2547 1420 2608 immo
1443 2567 1483 2609 ne

226 2649 317 2709 unius
350 2650 479 2729 quidem
509 2650 634 2730 vestigii
661 2650 785 2730 species
808 2649 838 2710 in
864 2650 910 2710 eis
935 2649 1119 2728 indagatur,
1153 2668 1216 2728 qua
1241 2650 1411 2731 quisquam
1439 2655 1485 2715 uti

223 2754 340 2834 possit,
372 2764 407 2815 ut
436 2755 651 2829 demonstret,
684 2754 779 2816 fuisse
811 2754 942 2833 longam
974 2751 1061 2814 illam
1090 2753 1303 2815 narrationem
1328 2777 1483 2836 umquam

223 2862 253 2921 in
285 2841 350 2922 ullo
380 2859 536 2941 Apolloni
565 2860 807 2922 commentario.
861 2859 972 2938 Atque
1006 2857 1031 2918 si
1062 2867 1302 2938 praeoccuputa
1329 2859 1481 2938 opinione

223 2965 304 3028 liber
327 2986 395 3027 rem
418 2965 652 3039 deliberaveris
676 2983 781 3045 spero,
813 2973 846 3025 te
869 2963 945 3026 mihi
968 2983 1039 3025 esse
1062 2982 1297 3035 concessurum,
1321 2963 1377 3024 vix
1399 2964 1485 3026 credi

225 3091 330 3150 posse,
355 3070 507 3131 adiecisse
530 3089 684 3149 umquam
707 3068 865 3149 Apolloni
897 3069 1105 3149 interpretem
1127 3068 1258 3129 doctam
1282 3076 1314 3128 et
1339 3068 1484 3149 amplam

225 3174 530 3237 commentationem
554 3174 594 3234 de
617 3172 826 3246 facinoribuS‚
857 3193 940 3253 quae
963 3173 1080 3234 Medea
1102 3172 1134 3232 in
1158 3171 1288 3245 Peliam,
1317 3172 1480 3244 Creusam,

223 3300 300 3342 suos
322 3281 420 3360 ipsius
451 3276 584 3350 liber05,
613 3277 792 3349 Theseum,
824 3277 953 3340 Persem
976 3286 1127 3358 patruum
1156 3278 1325 3340 commisit.
1370 3279 1483 3358 Itaque

222 3385 307 3446 cadit
337 3379 535 3457 c'oniectura,
578 3401 675 3460 quam
705 3381 875 3444 Eduardus
904 3380 1067 3442 Schwartz
1096 3382 1136 3442 de
1168 3380 1324 3462 Apolloni
1354 3382 1484 3444 scholiis

221 3484 547 3564 bibliothecaeflsonte
571 3487 748 3567 proposuit,
778 3506 882 3567 neque
905 3485 1081 3547 audiendus
1104 3494 1162 3558 est,
1187 3486 1240 3564 qui
1265 3506 1310 3560 ea,
1336 3505 1420 3565 quae
1443 3489 1483 3549 de

223 3593 422 3672 Argonautis
452 3592 484 3652 in
513 3592 724 3664 bibliotheca,
757 3611 821 3652 non
852 3599 960 3652 autem
990 3591 1019 3651 in
1044 3589 1172 3652 scholiis
1195 3590 1421 3671 Apollonianis
1444 3593 1484 3654 Ie·

222 3707 355 3775 guntur,
387 3697 447 3758 illis
470 3697 635 3758 adicienda
657 3717 727 3758 esse
751 3696 967 3776 pronuntiavit
990 3694 1031 3756 ab
1054 3715 1110 3768 e0,
1142 3696 1195 3775 qui
1218 3696 1484 3758 commentarium

221 3804 262 3864 ad
288 3803 453 3864 Rhodium
476 3803 642 3863 restituere
665 3803 819 3863 studeret.
885 3824 888 3832 ’

308 3907 463 3981 Accedit,
495 3906 583 3981 quod
607 3925 703 3966 nemo
731 3907 783 3986 qui
807 3905 910 3966 solam
934 3903 1134 3981 ¹Apollodori
1157 3903 1198 3963 de
1220 3902 1484 3983 Argonautarum

222 4012 429 4092 expeditione
452 4008 666 4071 narrationem
690 4008 783 4087 legit,
815 4005 1000 4082 intellegere
1021 4007 1140 4084 nequit,
1172 4006 1388 4070 bibliothecae
1411 4029 1485 4070 auc-

221 4127 325 4179 torem
350 4113 507 4196 Apolloni
537 4133 666 4175 carmen
695 4121 769 4173 ante
792 4110 904 4172 oculos
943 4129 1007 4171 non
1036 4110 1195 4173 habuisse.
1241 4111 1326 4174 Nam
1349 4112 1484 4193 Apollo·

225 4255 432 4265 —--.„.—--

308 4338 356 4406 ¹⁰⁸)
382 4359 405 4390 v.
420 4341 533 4390 Exkurse
552 4357 582 4388 zu
601 4338 733 4403 Euripides
752 4337 859 4386 Medea:
880 4337 987 4385 Hermes
1006 4336 1055 4384 XV
1073 4354 1098 4400 p.
1116 4337 1166 4401 485
1186 4353 1210 4387 n.
1230 4352 1253 4388 2.
